3160 5092
707 413 929 476 ..94-

230 586 400 650 Trinummi
423 587 521 651 tabula
543 595 619 652 teste
640 589 802 652 llitsehelio
816 589 909 670 (Prol.
933 589 1016 651 Trin.
1033 607 1061 669 p.
1077 589 1153 669 210)
1168 589 1276 652 senarii
1293 589 1408 653 circiter

230 673 459 754 quinquaginta,
488 674 516 735 l.
538 692 563 736 c.
586 692 654 755 pars
681 676 775 737 lerme
804 675 993 749 duodecima,
1023 676 1208 756 totidemque
1238 675 1407 755 septenarii,

230 757 261 819 h.
283 778 308 820 e.
332 778 400 839 pars
422 777 511 833 nona,
532 759 600 822 hoio
622 761 678 840 legi
700 761 901 823 adversantur.
932 762 996 836 Qua
1019 762 1055 823 de
1075 778 1162 823 causa
1178 761 1257 842 quod
1274 762 1309 823 ad
1326 762 1407 822 veri-

229 851 320 906 tatem
344 844 423 906 illius
445 845 661 908 observationis
683 847 810 917 adtinet,
844 846 954 910 nullius
984 847 1127 909 momenti
1150 857 1212 919 est,
1246 856 1348 908 utrum
1370 848 1406 910 ad

229 930 277 992 illa
299 939 453 1010 correptae
476 931 565 992 thesis
588 932 720 1011 exempla
744 950 837 1011 pauca
860 933 1027 995 adiciantur
1048 950 1154 1001 neone,

315 1015 373 1078 Sed
396 1017 469 1078 llaec
491 1016 611 1097 quidem
634 1018 787 1080 hactenus.

299 1312 416 1365 Alteram
433 1313 509 1364 lanias
528 1312 712 1433 disfntationis
730 1321 828 1380 partem
846 1329 895 1365 nna
913 1329 969 1365 cam
986 1313 1080 1378 tertia,
1101 1313 1174 1365 enias
1197 1328 1317 1365 sannam
1335 1310 1403 1364 inira

229 1382 302 1447 posui
319 1417 328 1445 ‚
346 1381 373 1432 ia
391 1382 500 1434 medinm
519 1396 564 1447 pro
576 1396 660 1446 emm,
678 1397 734 1433 enm
752 1384 859 1449 primum
876 1381 934 1434 Ces.
953 1381 1017 1434 ctas
1042 1382 1104 1434 llud.
1124 1380 1226 1435 tabulae
1243 1383 1275 1433 ad
1295 1383 1405 1449 optimos

229 1449 329 1501 codices
348 1450 491 1515 castigatae
509 1457 592 1501 eraut.

501 2289 692 2391 Tertiae
729 2291 887 2422 partis
925 2322 1120 2391 summa

625 2464 775 2545 (Sentent.
798 2472 931 2528 controv.
955 2465 1000 2541 ll:

314 2644 407 2705 Voces
438 2643 578 2706 iambicos
612 2654 643 2707 et
675 2643 707 2705 in
729 2644 859 2706 vocalem
895 2644 938 2707 vel
973 2645 1004 2707 in
1025 2661 1055 2704 m
1079 2644 1207 2705 litteram
1231 2642 1400 2704 excidentes

228 2750 244 2792 a
267 2729 370 2791 Plauto
392 2730 432 2792 ita
453 2748 521 2792 cum
546 2729 625 2792 hiatu
648 2730 718 2809 poni
740 2730 886 2810 potuisse,
914 2738 948 2791 ut
970 2730 1087 2808 longam
1110 2728 1238 2790 vocalem
1261 2726 1316 2789 sub
1340 2727 1400 2789 iotn

228 2815 354 2894 positam
383 2816 540 2885 retineant,
568 2813 775 2876 lachmanuus
803 2815 898 2877 docet.
944 2814 1006 2876 Neo
1035 2822 1136 2877 nmen
1163 2813 1237 2875 adso
1267 2811 1401 2891 angustis

227 2900 364 2962 terminis
398 2900 495 2963 hiatus
523 2900 555 2961 iu
582 2901 640 2962 arsi
674 2901 767 2962 lactus
795 2899 1083 2964 circumscribendos
1113 2907 1174 2974 est3
1201 2899 1294 2959 immo
1323 2898 1401 2959 idem

229 2985 308 3065 quod
330 2985 362 3046 in
383 2985 509 3051 iambica
531 2985 609 3048 cadit

312 3084 335 3144 l.
358 3084 389 3145 in
413 3084 551 3146 vocabula
575 3083 775 3164 monosyllaba
799 3102 874 3163 quae
896 3084 983 3162 longa
1006 3081 1097 3144 vocali
1119 3080 1281 3155 finiuntur3

298 3179 333 3242 ll.
356 3181 388 3242 in
410 3182 549 3244 voeabula
573 3182 696 3255 cretica3

285 3279 332 3340 lli.
354 3281 386 3342 in
410 3299 443 3342 ea
465 3279 605 3342 vocabula
628 3279 782 3359 disyllaba,
805 3297 932 3359 quorum
964 3278 1094 3340 vocalem
1127 3283 1290 3339 extremam
1312 3282 1399 3355 poeta

227 3372 256 3428 et
279 3365 398 3427 brevem
423 3377 453 3427 et
474 3366 590 3444 longam
614 3365 693 3438 tacit,
717 3365 796 3426 velut
816 3364 887 3426 mults·
905 3364 955 3426 oli
974 3364 1027 3426 ott
1045 3382 1077 3425 eo
1100 3363 1185 3424 modo
1206 3379 1266 3441 eoo.
