3160 5092
638 455 857 519 ..43-

157 636 239 718 qnod
262 635 294 699 in
320 635 424 699 Vetere
446 634 535 698 eltere
565 652 671 697 manus
693 634 724 697 in
752 637 890 716 nepesine
911 633 1048 696 correxit.
1093 634 1170 697 Men.
1186 636 1216 708 5,
1232 635 1260 706 5,
1277 633 1335 697 30:

156 723 346 805 perdomitae,
368 724 395 784 ai
414 722 519 784 resono·
535 719 539 793 Ι
558 730 708 802 meantem
734 725 803 802 paor·
823 721 920 794 dolrem
946 718 1049 794 11113,
1068 720 1166 792 tes:
1193 738 1337 804 praeeon-

160 812 236 881 trioi‚
258 810 426 879 oommtriei,
445 804 450 878 Ι
469 807 580 871 on'oloe
602 818 684 889 otone
706 811 866 888 aruspicem
894 811 1089 887 praeeantrioi
1109 826 1170 870 nen
1193 809 1283 870 modo
1306 806 1337 870 in

160 895 359 958 Ambrosiano
387 900 418 956 et
445 894 551 956 Vetere
578 892 729 955 oodieibns
756 893 898 973 scriptum
928 900 987 962 est,
1015 892 1066 954 sed
1094 892 1181 956 etiem
1211 893 1336 967 Nonius,

161 982 213 1063 qui
242 981 373 1043 Varrone
402 987 478 1042 teste
513 979 619 1050 utitur,
654 979 731 1041 idem
767 977 887 1041 disertis
913 977 1011 1040 verbis
1039 985 1176 1041 testatur.
1219 978 1338 1041 Bririns

161 1076 262 1130 antem
287 1086 321 1128 ex
344 1065 503 1128 Deourteto
525 1073 555 1128 et
576 1064 714 1128 Vaticano
737 1063 862 1126 lormnm
889 1068 1113 1145 praesentandos·
1132 1065 1336 1146 reponendam

161 1161 275 1216 oenset.
326 1150 434 1214 Contra
468 1150 651 1214 monendum
686 1159 732 1213 est
762 1149 903 1230 simplicia
939 1149 1079 1212 voeabula
1112 1153 1204 1214 contio
1237 1160 1338 1215 notator

163 1239 288 1302 omnino
311 1236 429 1317 seepins
452 1237 508 1315 legi
532 1255 621 1318 quam
644 1241 766 1300 tentatio
781 1245 925 1305 cantatorz
947 1242 1036 1316 etque
1057 1235 1087 1297 in
1115 1235 1208 1298 Plauti
1231 1236 1338 1299 tabulis

161 1328 274 1387 lormas
296 1322 527 1403 frequentatione
550 1340 610 1386 non
637 1322 749 1384 inveni:
778 1322 871 1383 immo
901 1321 930 1383 in
957 1320 1134 1384 Trinummo
1164 1320 1338 1402 (8123)

163 1412 304 1473 cantrices
338 1407 491 1479 scribitur3
518 1409 650 1489 itemque
677 1411 768 1470 nontin
789 1407 820 1470 in
844 1406 938 1470 tribus
968 1406 1061 1470 Stiebi
1084 1406 1219 1470 versibus
1243 1408 1284 1484 (5,
1306 1408 1337 1483 4,

163 1496 215 1557 25.
232 1496 262 1567 5,
279 1493 327 1556 ts.
344 1493 375 1563 6,
392 1493 425 1573 7)
448 1501 535 1561 extat,
559 1494 734 1575 inquorum
750 1494 842 1556 altere
862 1492 941 1554 idem
959 1491 1075 1555 Nonius
1091 1510 1187 1555 veram
1211 1494 1336 1555 termam

161 1581 302 1643 traditam
325 1578 511 1652 debetcum
535 1580 678 1642 librorum
709 1583 899 1643 emonensem
924 1577 1059 1640 numeris
1081 1587 1233 1660 repugnet.
1278 1579 1337 1641 ldil.

163 1669 193 1737 4,
210 1666 239 1736 8,
256 1668 290 1728 4:
313 1665 382 1747 qaid
403 1663 469 1727 nisi
489 1700 532 1710 -
556 1664 634 1739 Qnin
660 1675 691 1726 te
716 1665 794 1728 indes
820 1665 929 1745 ecferri
945 1660 949 1731 Ι
968 1667 1066 1726 omnio
1090 1683 1161 1747 pona
1182 1669 1230 1728 isti
1251 1661 1338 1728 dedii

163 1751 267 1825 14114,
284 1750 379 1820 8,66;
402 1751 486 1814 arabe
506 1752 573 1832 soei,
596 1754 647 1831 pei
664 1751 741 1812 beno
763 1753 854 1813 nonin.
875 1746 879 1817 Ι
898 1749 944 1811 ibo
969 1749 1034 1812 bine
1060 1753 1137 1814 intro
1163 1770 1241 1813 mare
1262 1755 1338 1821 loma

164 1835 349 1910 Poen.1,2,
373 1834 430 1899 81:
454 1837 575 1918 perideo
597 1833 750 1917 opastl’-
772 1837 830 1917 Epo
852 1835 963 1897 diener:
984 1846 1018 1897 ut
1038 1835 1152 1918 illilet
1172 1837 1340 1899 lidibinem

163 1934 265 2003 copem
287 1922 396 1984 Pseud.
413 1922 438 1993 1,
456 1921 485 1989 3,
503 1922 556 1984 34:
584 1938 644 1985 non
669 1931 760 2003 poten
781 1924 883 2001 pietati
902 1919 1001 1983 obelon
1018 1916 1022 1999 Ι
1041 1920 1119 1992 baio,
1146 1931 1178 1983 st
1203 1940 1250 1984 res
1272 1932 1340 1984 rent

163 2018 287 2082 oeteree3
310 2007 415 2069 Pseud.
435 2008 463 2080 1,
479 2005 508 2077 3,
526 2008 603 2070 1563
629 2010 718 2089 potori
736 2024 774 2069 en
801 2007 899 2068 meltis
920 2015 987 2067 rent
1008 2008 1106 2077 omini,
1134 2001 1139 2087 Ι
1157 2006 1267 2070 bomini
1292 2011 1342 2088 qni

163 2098 237 2157 oerti
256 2097 341 2165 aleon
364 2092 457 2155 Stich.
476 2093 503 2165 1,
519 2093 548 2167 2,
564 2093 619 2155 41;
642 2095 719 2155 error
740 2101 862 2162 noeros,
885 2091 984 2173 quibas
1006 2102 1038 2154 te
1058 2091 1175 2155 nolenti
1191 2091 1196 2175 Ι
1215 2110 1340 2156 essenos

163 2189 271 2242 matres
301 2179 447 2260 familiam
475 2178 567 2241 Stich.
584 2179 612 2249 5,
628 2179 658 2248 4,
675 2176 731 2240 bd:
757 2176 836 2240 bend
861 2187 940 2240 tuom
967 2179 1040 2239 ister
1065 2187 1115 2249 eat,
1147 2187 1173 2239 to
1204 2182 1306 2241 vereri¹
1332 2181 1338 2257 Ι

162 2269 241 2346 eripe
263 2282 302 2326 ee
324 2281 372 2325 ore
393 2263 489 2337 tibiam
511 2263 593 2325 i'rin.
611 2264 639 2337 4,
656 2264 685 2334 2,
700 2261 757 2324 62:
783 2263 859 2325 lebet
881 2263 992 2325 andire.
1015 2296 1058 2306 -
1073 2261 1124 2325 illi
1142 2262 1240 2344 edepol
1254 2262 1339 2326 illi-

181 2346 186 2431 Ι
205 2349 253 2413 illi
271 2384 314 2394 —
335 2366 388 2411 nne
410 2352 514 2413 misero
535 2350 618 2424 mibl3
645 2349 857 2411 attendendum
881 2353 927 2409 est
947 2347 1120 2410 Muellerum
1144 2347 1200 2411 boe
1221 2367 1340 2429 quoque

162 2435 228 2499 loeo
251 2435 311 2497 illio
333 2434 467 2514 recipere
489 2435 625 2497 voluisse.
669 2433 751 2496 Trin.
768 2436 797 2507 4,
814 2434 841 2504 3,
859 2431 916 2495 52:
939 2452 970 2496 eo
993 2435 1117 2497 onnon.
1140 2466 1183 2479 -·
1205 2433 1283 2496 Heres
1297 2443 1338 2507 tn,

163 2532 227 2585 erto
253 2520 327 2583 olleo.
372 2520 449 2589 aedi,
471 2517 475 2597 Ι
494 2520 562 2583 bens
589 2531 630 2583 to.
661 2554 703 2564 -
730 2518 795 2582 Non
822 2531 874 2584 sto.
902 2552 944 2563 ·-
975 2517 1011 2582 Te
1040 2519 1118 2594 eolo3
1152 2518 1188 2581 de
1218 2538 1278 2600 que
1301 2522 1337 2582 el.

162 2606 277 2669 Ritsob.
300 2607 368 2669 edn.
391 2605 481 2668 'loun
498 2607 528 2676 5,
548 2606 601 2668 te:
630 2623 718 2687 perro
746 2615 828 2686 apest
854 2607 927 2676 elbo,
955 2622 1027 2686 opna
1052 2614 1092 2666 est
1116 2607 1205 2668 nentri
1220 2601 1226 2686 Ι
1244 2617 1340 2669 antem

162 2711 236 2775 quoe
255 2710 382 2772 puerone
404 2689 492 2764 looit;
523 2691 552 2753 in
581 2709 641 2771 qno
668 2701 763 2754 aetem
789 2690 905 2754 codiees
931 2689 1082 2770 praebent,
1114 2688 1339 2769 Kiesslingius¹i

162 2780 238 2840 onai
258 2776 371 2857 optime
391 2776 553 2839 substituit.
576 2811 618 2822 -
641 2775 701 2839 eilia
729 2776 838 2856 pedum
866 2775 1054 2839 dimensione
1080 2774 1178 2837 bintus
1204 2774 1259 2837 bos
1287 2795 1340 2838 ex-

162 2863 273 2945 pelles:
300 2860 407 2940 Amph.
427 2861 453 2935 1,
470 2860 498 2935 3,
515 2862 570 2925 20:
604 2863 765 2942 rorantem,
795 2878 854 2923 non
875 2878 925 2943 epo
952 2870 978 2924 ta
999 2856 1091 2923 noni?
1109 2862 1113 2940 Ι
1134 2859 1204 2923 obr'n
1229 2880 1244 2923 e
1272 2879 1341 2924 eon·

163 2960 262 3030 aperto
283 2943 366 3010 meai
389 2946 495 3027 nmpn.
515 2950 541 3019 1,
559 2947 588 3017 3,
605 2948 659 3010 34;
690 2965 760 3009 nom
787 2966 845 3029 qno
865 2958 944 3012 noete
966 2945 1004 3009 od
1023 2965 1069 3009 me
1090 2949 1200 3018 eonion,
1220 2944 1225 3028 Ι
1244 2947 1342 3010 eodem

164 3035 236 3098 odie.
259 3067 302 3079 -
325 3033 408 3106 Qeor
428 3050 473 3094 me
495 3031 597 3096 teneri)
618 3041 649 3095 et
670 3032 700 3094 in
724 3032 770 3093 his
794 3031 913 3113 quidem
937 3031 1069 3095 versibus
1091 3031 1161 3095 abin
1175 3050 1229 3113 pro
1244 3030 1342 3094 iambo

163 3120 242 3201 pede
264 3118 414 3181 eteoclem
443 3135 498 3198 pro
521 3136 592 3180 voce
614 3115 764 3199 trisyllaba
787 3118 833 3178 vir
861 3118 1018 3200 quisquam
1049 3117 1186 3199 nonipiet3
1213 3115 1288 3180 bien.
1313 3119 1343 3189 5,

165 3208 194 3274 7,
220 3204 278 3265 30:
306 3206 392 3266 nimir
421 3204 490 3283 [ont]
519 3203 589 3267 bene
614 3220 668 3266 oro
695 3200 888 3284 commetavi!
914 3212 998 3285 otone
1025 3220 1063 3265 en
1094 3220 1160 3266 meo
1191 3207 1343 3271 sententio:

164 3291 253 3353 True.
271 3290 301 3360 5,
317 3287 373 3349 72:
397 3290 487 3371 lepide
509 3300 618 3352 eoostor
639 3293 783 3369 oenopoei
799 3285 805 3367 Ι
824 3298 907 3371 mone
928 3306 966 3351 eso
986 3306 1050 3351 meo
1070 3292 1225 3361 sententio5
1254 3289 1340 3352 Mero

166 3376 195 3447 5,
212 3376 242 3447 2,
258 3375 292 3435 2:
316 3392 393 3454 spem
413 3379 589 3456 mepnotom
616 3392 700 3457 onom
726 3373 856 3455 optulisti
875 3373 949 3436 bono
970 3374 1053 3444 mibi,
1081 3374 1134 3436 nbi
1158 3383 1255 3455 protes
1280 3392 1342 3455 opo,

167 3459 218 3522 ubi
241 3468 293 3522 eut
315 3458 414 3522 hiatur
436 3470 488 3522 ant
511 3459 657 3540 posterior
680 3459 731 3522 tibi
750 3458 937 3539 pronominis
959 3458 1068 3540 syllaba
1094 3458 1277 3539 producitur.
1301 3492 1343 3505 -

167 3546 262 3607 Porro
285 3544 317 3606 in
339 3544 438 3607 tribus
460 3545 637 3626 septenariis
665 3562 718 3624 pro
745 3553 825 3606 certo
848 3543 990 3605 allirmari
1017 3561 1078 3604 non
1105 3551 1218 3624 potest,
1243 3553 1342 3607 utrem

166 3631 196 3693 in
220 3648 341 3692 mesura
364 3648 401 3692 an
425 3631 455 3692 in
479 3631 532 3692 alin
555 3631 625 3692 sede
648 3647 808 3692 concursus
830 3628 976 3691 vocalium
999 3628 1064 3691 liat:
1087 3628 1168 3690 dein.
1193 3628 1222 3699 8,
1240 3628 1342 3702 net:

167 3734 245 3779 neno
267 3715 338 3778 odeo
359 3719 418 3779 nisi
438 3715 509 3778 mibi
527 3715 581 3779 bne
604 3719 716 3796 arpenti
735 3715 833 3796 adfert
853 3717 955 3795 oipinti
973 3717 1080 3787 minam
1103 3713 1187 3778 Cure.
1202 3716 1230 3786 5,
1246 3713 1275 3785 3,
1288 3714 1342 3777 ab:

167 3820 217 3882 epo
238 3800 352 3882 pnident
372 3818 426 3882 pro
455 3805 524 3864 inno
548 3820 611 3863 rem
638 3801 712 3863 soloe·
736 3801 773 3863 od
803 3803 943 3881 trapezita
963 3816 1041 3872 aneo,
1067 3798 1155 3880 Epid.
1178 3803 1207 3874 4,
1233 3802 1260 3872 1,
1283 3799 1342 3863 23:

167 3890 257 3950 moer
277 3904 327 3966 epo
348 3884 399 3948 teil
420 3921 461 3931 -
484 3885 518 3948 Si
543 3905 591 3967 epo
619 3897 644 3950 te
672 3889 752 3958 noni,
780 3889 910 3948 animem
930 3885 1077 3960 indoeom,
1105 3888 1288 3959 ornaverim
1311 3886 1342 3949 in

166 3972 314 4035 inrisione
340 3971 414 4034 bieri
442 3989 497 4033 suo
520 3972 585 4033 inre
615 3971 741 4033 editores
770 3971 957 4041 existimant3
986 3971 1039 4033 etsi
1070 3970 1167 4051 primo
1196 3979 1227 4033 et
1253 3971 1342 4033 tertio

168 4058 241 4120 loeis
264 4057 366 4119 eoonle
389 4057 458 4119 mibi
479 4064 509 4118 et
529 4060 556 4119 ai
574 4056 605 4119 in
629 4057 696 4125 ersi,
719 4056 851 4119 secundo
862 4073 919 4137 pro
933 4056 965 4118 in
980 4056 1056 4118 tlresi
1075 4057 1183 4137 corripi
1199 4064 1343 4137 possunt,

169 4144 206 4206 oi.
230 4161 293 4222 eap.
310 4141 356 4216 l§
380 4140 408 4202 3.
433 4141 500 4203 Non
524 4141 596 4204 nibil
618 4140 726 4204 dubins
749 4150 804 4214 est,
827 4141 895 4222 quia
917 4140 1005 4204 illisne
1020 4159 1073 4222 pro
1095 4141 1141 4205 illi
1161 4142 1245 4204 ineile
1268 4141 1343 4202 seri·

168 4224 269 4290 bimus
292 4227 344 4308 (el.
367 4226 512 4300 Schmidt,
542 4227 580 4289 de
602 4244 686 4308 pron.
710 4226 789 4288 dem.
813 4245 841 4306 p.
858 4226 920 4300 69),
951 4244 976 4286 r.
1000 4225 1086 4289 Most.
1103 4228 1132 4300 5,
1151 4229 1178 4299 1,
1194 4226 1249 4288 49:
1277 4229 1345 4307 poio

169 4318 245 4377 eninr
266 4313 296 4375 id
317 4330 454 4374 aramme
481 4311 554 4384 eolo,
580 4323 612 4374 et
636 4312 684 4374 iili
700 4309 705 4392 Ι
724 4315 793 4374 istor
820 4312 1004 4393 consopionm
1030 4315 1099 4374 aine.
1121 4343 1163 4356 -
1186 4312 1246 4374 lam
1275 4330 1344 4374 nero

171 4397 308 4462 nonnulli
323 4415 426 4459 versus
448 4396 513 4460 eius
534 4397 616 4460 medi
639 4406 717 4468 sunt,
742 4405 775 4458 ut
798 4396 853 4459 beo
871 4398 934 4462 loeo
950 4395 1205 4477 praetermittendi
1221 4397 1343 4461 inerint.

238 4584 260 4651 ιΙ
279 4599 304 4635 v.
322 4581 415 4634 Annei.
433 4581 466 4634 st
484 4598 507 4634 a.
528 4583 594 4636 1868
611 4599 635 4651 p.
647 4583 706 4634 641.
