3160 5092
710 398 904 460 ..4-

219 575 348 632 oeaimm
375 575 497 652 siactpot
522 589 655 652 pramma
684 573 813 634 amnibm
841 571 1024 651 lampadibus
1056 573 1110 634 alia
1123 571 1155 650 ¹).
1202 572 1243 634 lte
1276 571 1391 634 arcibus

150 711 151 715 ,
219 656 325 717 solutis
353 657 451 718 dicere
480 659 562 728 nolo,
594 657 703 737 quippe
731 675 805 737 quae
834 674 894 718 non
924 659 1021 720 minus
1050 659 1080 719 in
1104 658 1223 719 Graecis
1246 675 1335 737 quam
1360 658 1390 718 in

220 740 368 803 Saturniis
397 742 531 804 versibus
560 743 657 805 locum
688 741 825 804 habeant.
857 776 892 785 -
931 743 1008 804 llaec
1034 743 1123 821 igitur
1155 742 1255 804 omnia
1287 742 1391 804 Plauto

220 844 288 887 cum
322 827 470 889 Saturniis
503 829 671 890 consociata
702 836 784 889 sunt.
841 829 872 889 ln
908 828 952 889 his
986 839 1084 891 autem
1126 827 1260 890 versibus
1299 827 1391 889 multa

220 912 318 973 hiatus
340 913 472 993 exempla
495 922 563 975 aute
585 913 685 976 oculos
709 913 824 976 babuit:
854 931 926 975 num
951 914 1059 975 mirum
1083 920 1128 975 est
1149 914 1248 995 ipsum
1271 931 1391 993 quoque

220 996 397 1076 quibusdam
421 998 546 1060 licentiis
568 999 598 1060 in
623 999 705 1060 hiatu
728 999 910 1061 admittendo
936 1017 1021 1061 usum
1045 995 1135 1061 esse?

308 1082 346 1143 Et
373 1083 403 1144 in
432 1101 542 1163 genere
573 1084 722 1147 sermonis
752 1085 858 1147 usitato
887 1083 1030 1145 vocalium
1060 1101 1239 1145 concursum
1270 1082 1391 1145 minime

221 1168 371 1237 critatem,
390 1171 500 1231 nedum
519 1169 690 1232 evitandum
707 1170 800 1232 luisse
816 1169 948 1231 eiusdem
966 1168 1098 1231 bnatoris
1110 1168 1177 1231 libri
1190 1169 1284 1250 eapite
1297 1168 1390 1230 xxtu

220 1252 334 1314 Tullius
350 1253 465 1333 probat,
489 1273 556 1316 cum
580 1256 617 1316 de
643 1263 760 1318 oratore
783 1274 872 1335 quem
889 1253 984 1315 sotum
1002 1254 1122 1334 quidam
1140 1263 1245 1317 vocant
1260 1254 1388 1316 Atticum

219 1338 292 1399 haec
325 1339 438 1418 prodit:
472 1338 537 1417 (23,
565 1340 618 1415 76)
651 1344 817 1402 summissus
849 1350 889 1401 est
918 1350 943 1401 el
964 1339 1079 1402 bamilis
1104 1349 1130 1401 et
1160 1340 1389 1402 consuetudinem

219 1422 343 1502 imitans,
367 1425 402 1486 ab
424 1426 568 1487 indisertis
581 1444 615 1488 re
625 1425 694 1504 plus
708 1444 793 1506 qaam
809 1428 939 1506 opinione
954 1425 1089 1508 differens
1105 1472 1111 1486 .
1130 1471 1137 1486 .
1154 1469 1162 1486 .
1178 1425 1210 1505 (7
1213 1427 1245 1501 7)
1263 1429 1391 1506 primam

220 1511 308 1588 ipitrr
336 1528 402 1571 eam
423 1520 569 1591 tamqnam
596 1509 754 1572 evincatis
781 1529 971 1573 numeroram
991 1514 1152 1573 am'mamas
1175 1556 1182 1571 .
1206 1556 1213 1572 .
1237 1555 1244 1570 .
1266 1510 1391 1572 solutam

220 1593 357 1673 quiddam
389 1598 425 1656 sil
457 1614 508 1657 aea
535 1613 641 1676 rapum
669 1606 775 1669 tammo,
809 1607 842 1658 al
868 1596 980 1676 inpredi
1005 1596 1099 1668 libare,
1128 1614 1187 1658 amr
1213 1606 1247 1657 at
1275 1597 1392 1658 licenter

219 1679 353 1740 uideatur
375 1698 483 1742 errare.
513 1680 601 1743 verba
622 1686 708 1743 etiam
729 1681 823 1743 uerbis
838 1685 921 1763 quasi
934 1692 1130 1761 eoapmemare
1144 1681 1280 1762 aeplepat.
1309 1680 1392 1743 babet

220 1767 295 1824 anim
317 1763 366 1826 ille
387 1776 533 1846 tamquam
554 1767 649 1842 lictus
671 1785 811 1829 amaarsa
832 1769 973 1829 vocalium
994 1767 1079 1829 malle
1101 1767 1245 1847 quiddam,
1267 1777 1295 1829 et
1316 1766 1392 1847 qaod

224 1849 328 1911 indicat
361 1867 421 1911 aaa
453 1856 598 1930 lopratam
631 1851 834 1933 oeplepmtiam
868 1853 901 1914 de
926 1869 958 1914 re
987 1851 1107 1914 bommis
1134 1856 1224 1932 mapis
1250 1870 1336 1932 qaam
1358 1851 1393 1912 de

220 1935 317 1996 verbis
339 1934 508 1999 laborantis.
524 1971 565 1982 -
588 1938 619 1999 Si
642 1938 717 2000 haec
739 1938 765 1999 ei
789 1937 897 1999 oratori
921 1936 1056 1999 liberiora
1077 1937 1210 2010 luerunt,
1234 1937 1285 2017 qui
1308 1955 1392 1999 com·

224 2037 347 2081 munem
372 2022 448 2083 vitae
472 2041 560 2084 usum
584 2023 717 2085 imitatus
739 2022 794 2083 sit:
818 2019 913 2102 quid?
950 2024 1061 2096 Plauto,
1091 2022 1146 2102 ipsi
1174 2040 1293 2103 quoque
1315 2023 1391 2084 ritae

220 2107 467 2169 consuetudinem
492 2126 552 2169 non
576 2108 712 2172 imitanti.
736 2108 788 2169 sed
805 2118 838 2169 ut
854 2108 894 2169 ita
911 2108 1005 2169 dicam
1022 2108 1130 2187 agenni,
1154 2109 1256 2170 eadem
1273 2107 1391 2170 licentia

221 2209 282 2251 non
306 2189 447 2254 dabitur?
477 2193 554 2266 Quin
577 2193 608 2254 iu
632 2193 670 2254 iis
684 2192 848 2255 tabularum
866 2191 1008 2273 partibus,
1033 2211 1108 2273 quae
1124 2213 1138 2254 a
1155 2211 1241 2274 prosa
1257 2192 1392 2256 oratione

221 2294 310 2355 quam
333 2278 468 2356 proxime
492 2279 596 2340 abesse
619 2279 727 2349 solens
757 2278 788 2339 in
812 2279 947 2358 epistulis
979 2279 1045 2340 dico
1078 2278 1269 2359 interpositis,
1304 2279 1391 2359 paulo

220 2361 336 2442 saepius
359 2381 448 2442 quam
471 2364 501 2424 in
524 2362 712 2425 sermonibus
735 2363 809 2425 hiari
833 2363 993 2439 videtum).

307 2447 427 2510 Accedit
449 2450 529 2528 quod
553 2450 603 2529 qui
624 2458 799 2528 argumenta
815 2457 846 2509 et
861 2449 998 2528 prologos
1014 2448 1178 2511 tenatorum
1195 2449 1390 2530 seripserunt,

221 2532 325 2593 eadem
350 2533 450 2594 hiandi
472 2551 581 2613 genera
615 2553 692 2614 quae
723 2535 785 2615 ipse
814 2534 935 2596 Plautus
965 2534 1136 2607 admittunt,
1164 2534 1220 2596 nisi
1249 2536 1328 2615 quod
1357 2555 1391 2597 ea

221 2618 339 2678 licentia
363 2619 589 2681 immoderatius
612 2628 747 2683 utuntur.
793 2623 890 2700 Atque
912 2620 965 2681 viri
996 2620 1074 2681 docti
1105 2619 1251 2692 dubitent,
1281 2637 1318 2682 an
1345 2620 1391 2681 his

220 2703 416 2785 scriptoribus
452 2704 547 2765 hiatus
583 2704 673 2766 tribui
706 2704 844 2787 possitsst.
891 2704 1006 2782 Prologi
1037 2713 1135 2766 autem
1163 2714 1193 2767 et
1216 2715 1390 2785 argumenta

221 2789 393 2866 posterioris
417 2790 521 2851 aetatis
537 2797 617 2864 sunt,
640 2809 697 2870 qua
715 2790 787 2852 hiari
806 2790 898 2868 magis
916 2792 1066 2870 magisque
1082 2790 1209 2852 desitum
1226 2801 1280 2853 est.
1319 2791 1392 2853 lade

220 2873 308 2952 igitur
330 2874 426 2952 colligi
449 2893 538 2955 posse
559 2883 631 2954 puto
656 2877 710 2938 hos
733 2876 892 2955 scriptores
922 2876 1033 2937 hiatum
1064 2876 1094 2936 in
1118 2875 1260 2938 Plautinis
1283 2874 1391 2938 tabulis

221 2959 298 3019 haud
323 2977 388 3020 raro
411 2959 562 3023 iuvenisse
581 2979 709 3042 eamque
725 2960 764 3024 ob
780 2980 909 3033 causam,
934 2971 967 3024 ut
983 2961 1112 3041 ipsorum
1130 2961 1225 3024 oratio
1240 2961 1392 3040 antiquior

222 3043 370 3117 evaderet,
393 3044 429 3105 ab
452 3045 501 3107 illo
522 3046 679 3126 accepisse.

306 3129 441 3210 [lenique
463 3130 561 3211 ipsum
585 3131 714 3198 Tullium
739 3132 768 3192 in
793 3131 973 3194 carminibus
995 3132 1160 3194 scribendis
1184 3131 1273 3194 semel
1298 3138 1388 3211 atque

219 3213 329 3276 iterum
354 3216 467 3277 vocales
492 3235 552 3278 non
576 3217 767 3279 coniunxisse
790 3224 918 3279 constat.
964 3219 996 3279 lu
1031 3219 1088 3280 hoc
1117 3225 1216 3279 autem
1246 3218 1390 3296 scriptore
1466 3268 1469 3271 ,

224 3310 256 3362 ut
287 3301 318 3361 in
347 3301 505 3380 Vergilio⁴)
540 3302 663 3384 aliisque
691 3303 720 3364 id
748 3311 898 3373 excusant,
932 3302 1010 3382 quod
1041 3313 1092 3365 aut
1119 3302 1258 3364 voeabula
1281 3301 1389 3364 Graeca

219 3384 375 3463 posuerint
397 3387 428 3446 iu
452 3387 587 3449 versibus
611 3397 662 3450 out
684 3389 714 3449 in
739 3408 774 3450 eo
805 3389 937 3451 carmine
960 3387 1113 3459 hiaverint,
1142 3389 1221 3467 quod
1250 3405 1389 3449 sermone

218 3471 323 3532 Latino
347 3472 534 3552 interpretati
563 3474 631 3548 sint,
662 3474 700 3535 ita
723 3482 756 3536 ut
784 3474 880 3535 hiatus
903 3474 1004 3536 Graeci
1029 3475 1189 3535 admonere
1212 3473 1312 3534 velint.
1357 3472 1389 3533 Si

218 3566 318 3617 autem
342 3557 380 3618 ob
403 3578 467 3620 eam
491 3576 553 3619 rem
579 3559 660 3620 hiare
683 3559 795 3621 licitum
820 3568 894 3631 erat,
917 3556 1012 3639 quid?
1042 3560 1071 3619 in
1095 3559 1211 3631 Plauto,
1246 3559 1296 3638 qui
1326 3558 1389 3637 ipsc

217 3642 342 3703 Graecas
364 3642 477 3704 fabulas
501 3644 618 3707 Graecis
640 3645 774 3708 numeris
799 3644 896 3717 vertit,
921 3663 1023 3707 noune
1045 3663 1167 3724 prorsus
1184 3644 1286 3706 eadem
1299 3662 1387 3705 exeu-

217 3726 333 3788 sationc
356 3725 499 3790 utemur?

305 3813 354 3874 Vel
376 3812 448 3875 baec
470 3832 586 3875 summa
612 3815 760 3877 meditatio
783 3814 871 3876 docet
895 3814 1002 3876 mirum
1026 3831 1087 3875 non
1111 3833 1184 3889 esse,
1219 3814 1244 3876 si
1268 3813 1389 3876 Plautus

217 3898 351 3977 priorum
376 3899 581 3962 auctoritatem
605 3911 726 3964 secutus
759 3900 794 3962 ab
824 3900 906 3961 biatu
936 3918 996 3961 uon
1025 3900 1189 3963 abborruit.
1234 3900 1388 3972 Quatenus
1419 3911 1421 3916 ·

285 4099 307 4162 ¹)
325 4098 440 4165 exempla
460 4100 563 4150 conluta
574 4100 652 4151 habes
671 4100 695 4150 io
710 4098 782 4151 CFG.
801 4098 922 4150 Muelleri
942 4096 1388 4164 Prosodial'luutiaallierol.1869)

216 4182 239 4232 p.
261 4168 289 4218 11
307 4183 358 4232 sq,
377 4169 417 4229 sl,
436 4167 477 4231 80,
496 4167 592 4233 22sq.;
617 4170 665 4218 bne
689 4168 814 4219 accedunt
836 4167 963 4233 Supplem.
987 4169 1089 4234 prosod.
1115 4166 1198 4218 Plaot.
1221 4167 1290 4228 (Ber.
1312 4166 1389 4228 1871)

218 4252 239 4299 Ρ.
260 4237 347 4369 δ’)ψν.
368 4302 423 4355 Usa.
441 4303 510 4354 Prol.
529 4303 569 4354 Pl.
588 4305 639 4356 vol.
658 4302 668 4353 l
687 4320 709 4369 p.
723 4303 773 4354 218
792 4320 847 4355 cum
865 4305 951 4355 adnot.

281 4372 303 4436 ⁸)
322 4387 345 4422 v.
365 4370 422 4422 Uss.
450 4372 519 4423 Prol.
539 4389 561 4438 p.
582 4373 642 4434 1503
666 4371 762 4424 Ritsob.
790 4372 882 4439 Opnse.
905 4374 966 4438 phil.
985 4371 1007 4422 ll
1026 4372 1093 4438 Lips.
1116 4373 1180 4424 1868
1199 4371 1331 4439 pilisq.
1349 4368 1387 4420 Gi.

214 4437 312 4491 nissen.
330 4437 400 4489 Prol.
418 4440 463 4491 Tr.
483 4457 503 4506 p.
524 4440 581 4493 319.

283 4508 306 4575 ⁴)
323 4524 348 4559 r.
368 4507 469 4572 Bieling
486 4509 503 4559 l.
522 4509 539 4559 l.
559 4525 583 4575 p.
602 4510 643 4559 60⁴
