3160 5092
654 464 877 533 ...33-

174 645 307 709 editione
329 645 427 708 vorbis
458 644 533 708 mala
555 643 666 709 Latinis
688 664 759 709 usus
771 644 795 721 1Ι
815 647 911 728 pondo
936 641 1064 731 (anum)
1088 648 1213 722 unciam,
1242 654 1343 728 postea

175 731 224 809 (N.
247 750 308 794 arc
335 732 363 802 1,
384 729 440 809 64)
470 730 587 813 pondod
618 729 742 811 scripsit
788 733 818 792 5.
852 731 939 794 dierc
964 731 993 805 2,
1023 731 1054 805 2,
1081 732 1136 795 tt:
1170 730 1343 811 lysimacho,

174 825 275 879 auctor
288 834 353 879 suaa
366 826 399 878 ut
414 835 458 878 me
472 815 592 879 meando
610 813 616 899 Ι
635 819 741 892 cairam
757 817 787 878 iu
803 836 862 898 quo
877 816 997 880 secundo
1013 820 1102 880 enices
1118 816 1309 899 Niamayarus
1320 817 1344 894 ’)

174 901 329 982 Ussingius
351 902 546 964 restituerunt
567 919 621 982 pro
645 920 680 964 eo
702 903 780 983 quod
802 902 834 964 in
857 902 996 965 omnibus
1018 902 1166 965 codicibus
1189 902 1346 965 exhibetur

174 987 300 1050 amando
326 991 431 1061 eniteat
463 987 661 1068 nequeenim
684 987 798 1051 Veteris
821 988 1012 1051 omcndodic
1038 994 1052 1050 i
1079 988 1157 1051 uliud
1184 989 1262 1050 vaiet
1289 987 1346 1050 nisi

175 1074 298 1136 amando
326 1076 410 1135 nicea.
455 1072 593 1136 Goetaius
623 1071 729 1135 iniuria
757 1074 828 1136 illud
858 1074 982 1138 amando
1011 1072 1142 1147 retinuit,
1173 1073 1346 1155 dictumque

174 1158 226 1241 qui
248 1166 298 1222 aut
321 1167 390 1240 post
411 1157 575 1221 vocativum
607 1158 638 1221 in
661 1158 751 1220 altera
774 1159 852 1222 thesi
878 1170 928 1222 aut
955 1159 985 1221 in
1019 1158 1105 1222 tertia
1140 1166 1207 1240 post
1240 1175 1347 1222 mono-

175 1245 318 1325 syllabum
342 1244 456 1319 accidit,
488 1262 643 1307 remorare
665 1244 789 1318 studuit,
815 1245 844 1306 id
868 1246 947 1325 quod
970 1243 1144 1326 simpliciter
1164 1243 1230 1307 mad
1250 1244 1347 1307 dorma

175 1330 274 1411 potuit
295 1329 423 1392 eiicere.
454 1329 482 1391 6.
507 1328 597 1391 Stich.
620 1329 648 1404 1,
671 1328 700 1402 3,
723 1328 779 1391 26ε
802 1340 962 1412 propterca,
989 1331 1083 1406 credo,
1114 1349 1191 1393 nunc
1213 1325 1346 1414 cuono!

175 1418 286 1490 ocreas,-
319 1434 345 1476 v.
374 1415 483 1497 Speng.
512 1414 554 1476 Pi.
581 1434 610 1497 p.
640 1414 711 1477 235.
756 1414 789 1478 in
822 1415 973 1478 Ritscheiii
1006 1415 1166 1498 exemplari
1199 1413 1346 1479 adersario

175 1500 320 1581 scriptum
343 1500 486 1563 videmus.
529 1499 617 1562 Hisce
641 1500 782 1582 exemplis
805 1501 880 1564 addo
911 1502 940 1563 7.
963 1501 1045 1581 Capi.
1066 1501 1095 1577 3,
1112 1499 1141 1577 3,
1168 1501 1222 1564 17:
1245 1520 1347 1583 capas,

174 1580 647 1734 amaret-trun
661 1586 1110 1736 tantustantus.
1130 1586 1348 1758 ,tamn

198 1718 204 1733 ·
305 1716 311 1730 ·
350 1718 358 1749 r
397 1715 406 1744 1
470 1716 477 1731 ·
782 1718 789 1746 a
1103 1719 1111 1748 r
1340 1718 1348 1748 r

175 1756 351 1819 Bitscheiiua
383 1765 535 1838 tamquam
568 1776 603 1819 ex
635 1757 791 1840 Rescripta
825 1767 894 1839 post
926 1759 1050 1822 ultorum
1087 1758 1140 1821 odi
1168 1758 1347 1840 interposuit

174 1843 267 1916 modo,
290 1842 369 1921 quod
393 1841 424 1903 in
440 1841 579 1904 Palatinis
602 1860 656 1924 pro
679 1843 794 1905 domam
816 1844 930 1907 illatum
952 1852 1014 1920 est,
1035 1844 1086 1906 sed
1102 1844 1134 1906 iu
1149 1843 1346 1907 ambrosiano

176 1928 404 1991 Studemundus
427 1927 476 1990 odi
495 1928 610 1991 domum
631 1927 702 2009 legit
710 1928 745 2006 8).
792 1928 893 1991 Hiatus
915 1937 1015 1992 autam
1037 1929 1210 1992 statuendus
1232 1938 1286 1999 ast,
1309 1946 1348 1992 ne

176 2013 207 2076 in
228 2012 345 2075 duobus
373 2012 478 2079 iambis
505 2032 609 2077 versus
643 2014 768 2076 desinat.
792 2049 832 2059 -
855 2015 958 2077 Medius
987 2013 1055 2078 huic
1081 2032 1210 2078 numero
1237 2014 1347 2077 adscri-

175 2098 289 2161 buntur
302 2097 381 2161 Men.
398 2099 427 2172 3,
443 2098 472 2172 2,
489 2098 546 2160 30:
567 2103 617 2181 poi
635 2101 706 2161 miii
724 2099 800 2161 mole
814 2099 891 2162 dicor
912 2101 1022 2164 domini
1033 2104 1127 2183 ipraoto
1146 2097 1150 2181 Ι
1169 2096 1347 2179 mactari&

177 2184 282 2258 11114,
305 2183 334 2259 9,
357 2185 391 2246 t:
416 2185 509 2247 ..ido
529 2184 595 2247 duic
614 2203 704 2266 patero
723 2181 728 2269 Ι
747 2185 877 2262 odoium3
899 2195 988 2265 atqua
1009 2185 1048 2249 ita
1071 2187 1201 2267 priorem
1227 2203 1347 2248 versum

178 2269 352 2352 Spengolius
367 2269 424 2350 (Pi.
440 2289 468 2351 p.
486 2269 570 2347 235),
593 2271 717 2333 aiterum
735 2270 892 2351 Ussingius
907 2270 1117 2348 dimetiuntur3
1140 2271 1232 2352 possit
1248 2280 1348 2334 tamon

179 2363 306 2437 utroquo
340 2354 404 2418 loco
438 2362 506 2436 post
534 2367 668 2437 quartam
697 2356 804 2419 thesim
834 2374 895 2420 non
926 2357 1003 2420 elidi.
1025 2391 1067 2404 -
1089 2357 1124 2420 In
1146 2356 1236 2420 dubio
1258 2357 1349 2419 reliu-

177 2441 287 2522 quendi
318 2451 389 2503 sunt
409 2442 475 2504 dui.
499 2442 528 2515 3,
552 2441 582 2515 6,
605 2442 640 2502 2:
670 2439 743 2504 uini
772 2440 931 2506 audivisti?
952 2477 993 2487 —-
1018 2442 1110 2526 Uapac
1136 2463 1155 2507 a
1181 2437 1348 2525 principio!

178 2530 290 2600 nanim
311 2526 398 2589 Most.
415 2526 444 2599 2,
461 2527 489 2600 2,
506 2525 563 2589 33;
587 2527 618 2588 di
638 2538 664 2589 ta
686 2527 807 2609 dcccque
829 2546 925 2591 omnes
945 2529 1045 2609 (ontio
1066 2546 1133 2591 mm
1145 2531 1198 2590 icto
1217 2524 1222 2611 Ι
1241 2530 1348 2601 amiam

177 2612 262 2675 Most.
277 2611 307 2684 3,
331 2613 360 2686 1,
386 2611 460 2673 tta:
482 2631 551 2675 sunt
572 2616 605 2674 iar
627 2611 687 2675 loco
708 2617 774 2676 emit
791 2613 926 2695 perdono.
942 2648 984 2659 -
999 2611 1089 2676 Immo
1112 2622 1240 2694 optarim
1262 2612 1349 2675 Most.

178 2699 207 2770 4,
231 2697 260 2772 3,
283 2695 337 2760 2οε
367 2698 445 2778 quid,
468 2715 487 2758 n
510 2697 654 2760 Tranium
675 2696 780 2761 anuo?
802 2734 843 2747 —
866 2698 956 2761 Multo
976 2695 980 2782 Ι
999 2700 1029 2762 id
1050 2702 1161 2773 atinum
1196 2698 1228 2760 in
1251 2698 1349 2779 primo

178 2802 266 2846 vorsu
283 2782 439 2864 Ussingius
454 2783 486 2845 in
502 2783 648 2846 incisione
664 2782 738 2846 hiari
761 2783 859 2859 iubet3
883 2784 1034 2847 Bentleius
1051 2783 1206 2846 audivistin
1220 2783 1349 2865 scripsit,
1397 2812 1410 2843 a

178 2869 318 2951 idemque
340 2869 443 2930 ascivit
465 2869 615 2932 Goetaius.
660 2869 693 2930 in
716 2870 848 2932 secundo
870 2870 959 2933 editio
982 2869 1120 2951 princeps
1147 2873 1217 2932 istoc
1239 2868 1349 2950 posuit,

178 2955 257 3036 quod
286 2952 416 3016 aditores
443 2962 628 3035 receperunt.
673 2954 733 3017 iam
761 2956 902 3019 intortio
931 2955 1069 3019 creticam
1098 2973 1198 3018 vocam
1225 2954 1351 3036 perdono

178 3058 240 3102 non
273 3040 451 3119 coniungere
480 3040 564 3117 iicet;
596 3039 626 3102 in
648 3039 803 3121 Rescripto
832 3050 931 3103 autem
954 3044 1039 3104 immo
1062 3050 1255 3122 optuoptrtmo,
1289 3059 1352 3104 non

177 3130 265 3189 immo
287 3131 319 3188 ira
345 3129 449 3205 optimo
475 3126 616 3198 traditura
643 3144 667 3187 v.
693 3125 830 3207 Geppert.
854 3127 940 3189 Stud.
963 3126 1058 3190 Plaut.
1082 3126 1107 3188 11
1130 3144 1159 3206 p.
1184 3127 1202 3187 5
1226 3144 1271 3207 sq.
1318 3125 1351 3187 in

178 3219 285 3292 quarto
319 3211 448 3292 danique
481 3211 547 3273 iibri
578 3211 667 3273 Vetus
701 3219 730 3273 et
757 3212 914 3275 Vaticanus
942 3223 1010 3293 post
1042 3212 1132 3275 muita
1165 3211 1350 3274 intervallum

177 3295 332 3377 praebent,
365 3314 423 3377 qua
451 3314 485 3358 ra
506 3295 683 3358 Ritscheiius
711 3296 804 3359 dorcic
832 3298 989 3380 supplevit.
1013 3296 1198 3360 -Certum
1226 3305 1273 3359 ast
1294 3296 1352 3357 huc

178 3382 283 3445 reterri
306 3398 367 3444 non
389 3380 497 3444 debera
520 3381 610 3444 Poen.
633 3380 663 3453 5,
687 3380 716 3454 3,
742 3380 794 3443 16:
818 3384 980 3466 ..quondo
1002 3384 1044 3446 dac
1065 3382 1111 3444 iric
1133 3382 1219 3455 adest,
1242 3381 1273 3443 in
1288 3399 1349 3462 quo

178 3467 353 3531 decurtatus
375 3467 489 3548 quaudo
508 3463 513 3549 Ι
531 3467 574 3528 iric
596 3466 676 3529 adan
698 3466 796 3529 habet.

263 3552 408 3634 deinceps
430 3553 468 3615 da
489 3551 526 3614 iis
554 3552 682 3615 hiatibus
709 3551 832 3627 dicatur,
867 3552 975 3633 quiin
1003 3551 1171 3635 septenario
1198 3551 1348 3614 trochaico

176 3638 378 3702 inveniantur.
409 3638 443 3701 in
465 3637 563 3720 primo
586 3637 676 3718 igitur
698 3637 774 3717 pedo
790 3655 884 3700 unum
899 3648 1015 3701 certum
1031 3656 1114 3700 erem
1137 3637 1198 3700 lum
1214 3637 1347 3719 repperi:

180 3726 206 3786 1.
236 3724 318 3787 Pars.
342 3724 371 3797 4,
394 3723 424 3797 4,
447 3723 503 3785 65:
530 3724 619 3804 sirpo,
640 3722 645 3805 Ι
663 3723 708 3785 dic
729 3722 813 3785 tomo
832 3724 941 3805 prodas
962 3734 1010 3786 est.
1032 3756 1076 3769 —
1140 3722 1199 3786 edo.
1222 3757 1266 3769 -
1288 3722 1352 3786 Nora

178 3809 229 3872 diu
250 3811 328 3892 opud
349 3810 424 3871 dunc
445 3810 565 3883 armico,
598 3807 670 3869 oiim
699 3807 753 3873 viri
787 3809 866 3872 docti
893 3809 994 3874 ordina
1022 3808 1207 3871 immutando
1233 3826 1353 3871 versum

177 3913 282 3959 sanare
311 3894 505 3969 studuerunt3
540 3893 718 3957 Ritschelius
748 3895 937 3976 ..probust
976 3893 1067 3957 Credo
1099 3891 1244 3980 (edepol).
1289 3892 1353 3956 Noa

177 3980 302 4062 scripsit
349 3982 384 4042 m
411 3979 564 4043 verissima
596 3978 771 4061 Spengelius
799 3980 855 4056 ΙΡΙ.
885 4000 914 4063 p.
938 3979 1014 4060 218)
1043 3996 1148 4043 omues
1182 3978 1353 4042 criticorum
1451 3989 1454 3996 ·

177 4074 301 4129 conatus
334 4064 437 4129 reiecit
470 4073 559 4146 atque
584 4064 615 4127 id
643 4065 803 4141 excusavit,
837 4064 917 4147 quod
945 4065 1094 4129 vocativus
1127 4083 1248 4146 sempor
1278 4063 1354 4126 liber

177 4152 352 4233 solutusque
381 4159 436 4214 cst.
480 4150 546 4213 Huc
573 4150 713 4213 accedere
735 4160 877 4232 possunt:
910 4150 970 4214 Mil.
993 4152 1023 4225 4,
1045 4152 1075 4226 4,
1097 4152 1152 4239 dl:
1178 4151 1278 4230 facito,
1298 4144 1303 4234 Ι
1321 4159 1354 4211 ut
1383 4164 1385 4169 ’

245 4323 268 4387 ¹)
285 4340 310 4376 v.
328 4324 440 4377 stadam.
459 4329 593 4376 commeat.
612 4323 643 4375 do
662 4321 721 4376 vit.
741 4321 822 4375 Plaut.
840 4322 905 4388 (ind.
918 4325 1000 4378 schol.
1011 4322 1063 4376 dib.
1081 4321 1157 4376 Univ.
1176 4319 1352 4391 Gryph.18'id

178 4398 204 4444 ἰ
222 4392 268 4524 π’)
284 4392 538 4515 iiiiii‘i’ma
567 4458 680 4580 aratz.

245 4527 265 4592 Ἰ
284 4527 316 4581 oi.
334 4528 448 4582 sautem.
467 4528 539 4581 Stati.
577 4530 588 4581 1
603 4529 656 4595 pb

245 4596 266 4661 *Ι
284 4598 316 4649 dc
334 4603 449 4651 caucana
467 4612 545 4650 vorsu
562 4612 589 4649 v.
609 4595 682 4651 Vahi.
700 4597 786 4649 adnot.
