3160 5092
652 420 871 486 ..93-

177 617 235 679 que
262 597 413 660 videntur:
438 598 542 678 Amph.
566 597 595 672 2,
619 598 648 672 2,
674 599 748 660 107,
770 602 828 671 sed,
851 601 964 672 mulier,
983 610 1135 683 postquam
1160 595 1348 681 emmoctel

175 702 212 752 es,
234 682 388 763 prodr'qs'alt'
412 683 489 757 loci:
516 683 597 747 Asin.
622 685 651 757 5,
674 684 704 757 2,
727 685 781 746 44:
810 687 855 748 die
887 685 1004 758 amabo,
1038 705 1078 749 ose
1108 686 1194 764 foetet
1225 680 1346 768 sabael

175 772 276 831 cruoris
298 766 387 832 tuoe?
409 803 451 814 -
473 767 627 845 Nouteom3
651 787 719 831 nam
743 778 869 851 utroque
884 772 948 833 loco
971 771 1059 834 Nonii
1081 771 1257 851 scripturam
1274 788 1347 850 pro-

175 853 321 927 babimus,
344 854 395 935 qui
416 864 443 916 te
464 864 531 935 post
557 874 586 917 ee
614 855 734 929 inserit,
773 866 862 937 atque
884 866 950 919 tuoe
968 854 974 937 Ι
992 860 1083 920 emoti
1112 855 1281 936 transponit
1303 855 1347 934 (r.

175 939 293 1001 Lachm.
317 940 352 1002 ad
376 941 462 1002 Lucr.
485 940 523 1001 lll
547 940 609 1002 954
631 960 660 1021 p.
682 939 776 1021 200),
800 942 884 1004 Cure.
908 943 936 1015 5,
960 940 990 1016 2,
1015 943 1069 1003 14:
1096 941 1349 1014 cameliacum

176 1022 289 1087 bulbos?
321 1025 407 1087 redde
426 1022 431 1106 Ι
450 1029 592 1100 etiem,
615 1026 652 1088 de
675 1046 734 1107 quo
768 1027 833 1089 vide
866 1027 993 1107 Langen.
1028 1026 1129 1108 Symb.
1159 1045 1188 1106 p.
1214 1027 1274 1088 160
1286 1044 1347 1105 sq.;

176 1110 261 1171 Mero.
278 1110 308 1184 5,
321 1112 350 1183 4,
363 1108 419 1173 23:
442 1129 567 1174 emaum
581 1130 638 1174 esse
659 1115 729 1175 istac
743 1113 790 1174 ted
804 1123 894 1175 estote
914 1110 918 1193 Ι
938 1112 981 1174 bis
1004 1113 1116 1175 deeebot
1137 1114 1246 1185 contin
1270 1111 1349 1172 bunc

174 1213 292 1257 versum
322 1195 493 1268 delendum,
524 1215 662 1260 versuum
686 1197 724 1258 21
749 1207 779 1259 et
801 1198 841 1259 22
865 1198 999 1260 ordinem
1029 1197 1246 1260 immutandum
1281 1214 1348 1257 esse

175 1280 314 1342 Goetzius
337 1281 475 1343 ostendit.
520 1284 545 1344 Α
567 1282 672 1344 Rotbio
694 1291 724 1344 et
746 1302 761 1345 e
781 1282 925 1362 Seyllerto
948 1284 1150 1363 corriguntur:
1174 1281 1255 1343 Pers.
1272 1280 1302 1354 2,
1318 1279 1347 1354 2,

175 1364 231 1427 52,
255 1366 304 1427 sed
324 1384 373 1446 eqo
395 1385 477 1429 cesso.
500 1402 543 1411 -
564 1366 658 1430 Meae.
680 1402 723 1412 -
744 1367 864 1430 Molesta
884 1388 923 1430 es.
945 1402 988 1413 -
1010 1371 1087 1449 Erpo
1113 1363 1199 1449 (ero)
1228 1384 1347 1448 quoque,

174 1455 231 1513 nist
250 1454 323 1525 sclo,·
345 1451 435 1514 Poen.
462 1453 488 1525 1,
504 1450 533 1525 2,
552 1451 628 1514 158,
651 1471 700 1533 eqo
721 1455 804 1532 socco,
827 1458 931 1516 neon
952 1457 1029 1516 irato
1049 1473 1088 1526 es,
1113 1449 1198 1535 (aas)
1224 1454 1348 1513 nimium

171 1555 226 1616 pro
247 1547 274 1598 tc
296 1537 382 1599 dabit.
428 1536 468 1598 Ex
498 1536 646 1601 codicibus
671 1538 883 1601 restituuntur:
914 1538 999 1601 Mero.
1025 1541 1053 1609 5,
1077 1538 1106 1611 2,
1129 1537 1184 1598 45:
1213 1554 1348 1600 mecum

174 1621 248 1702 quod
268 1625 310 1684 oe's
332 1623 442 1695 audate,
465 1623 495 1685 id
516 1624 614 1686 audies
630 1668 637 1684 .
654 1644 677 1698 .,
700 1640 867 1703 pronomen
889 1625 919 1687 id
941 1625 971 1687 in
995 1626 1100 1686 Vetere
1122 1622 1287 1691 intercidit,
1311 1622 1348 1684 ab

174 1707 296 1787 reliquie
318 1707 400 1769 libris
434 1717 582 1770 servatum
605 1720 666 1782 est;
699 1718 801 1771 contra
836 1710 925 1772 Vetus
958 1708 1077 1771 exbibet
1099 1707 1157 1770 llil.
1182 1707 1210 1777 4,
1235 1707 1265 1777 4,
1288 1706 1347 1768 60:

173 1795 232 1854 mm
262 1796 409 1855 sciturum
442 1811 499 1857 esse
524 1796 612 1856 tatus.
634 1829 676 1839 —
700 1792 815 1857 Celebre
846 1805 887 1858 est
920 1795 1070 1875 upudeos
1095 1797 1347 1874 importumtatem

173 1877 243 1955 [esth
272 1876 322 1940 irbi
351 1888 391 1940 est
416 1879 459 1957 (h.
490 1898 514 1940 e.
539 1879 566 1958 t)
592 1879 622 1941 in
645 1879 750 1941 ceteris
778 1879 915 1941 facillime
939 1879 1059 1955 excidit3
1089 1898 1123 1941 ex
1151 1877 1347 1939 Ambrosiano

174 1971 254 2025 reete
282 1964 471 2025 adferuntur:
501 1963 612 2036 11113,
639 1966 665 2032 1.
688 1963 744 2027 89:
773 1965 866 2027 barole
894 1982 962 2027 uero
990 1965 1111 2027 liberum
1137 1982 1194 2026 esse
1223 1964 1295 2033 erud,
1317 1962 1349 2024 id

173 2048 264 2110 multo
287 2048 435 2129 lepidiorem
456 2047 515 2110 llil.
538 2051 567 2120 4,
589 2047 618 2121 8,
645 2049 698 2111 tt:
722 2095 729 2110 .
753 2094 760 2109 .
782 2052 879 2131 socero
899 2054 944 2112 toti
966 2049 1041 2128 fluct
1069 2050 1197 2129 [ucetiam
1224 2048 1347 2110 Palatini

173 2133 205 2195 in
227 2133 319 2196 altero
341 2152 399 2196 esse
420 2134 451 2196 id
472 2134 562 2197 multo
584 2145 623 2196 est
645 2134 774 2215 lepidius,
796 2135 827 2198 in
849 2136 941 2197 altero
963 2145 995 2197 ut
1015 2135 1091 2214 {leot
1111 2133 1264 2215 praebent.

259 2308 338 2370 Haeo
367 2307 457 2387 igitur
484 2308 628 2390 exempla,
658 2309 707 2370 ubi
730 2309 835 2371 breves
865 2309 976 2371 vocales
1004 2307 1126 2371 ultimae
1148 2307 1178 2370 iu
1202 2325 1347 2388 personne

175 2392 339 2455 mutatione
362 2402 391 2454 et
405 2393 435 2454 iu
451 2412 571 2456 caesura
587 2393 716 2474 legitima
733 2394 880 2457 vocalibus
900 2393 1097 2475 excipiuntur,
1118 2393 1226 2455 sicum
1244 2409 1346 2472 magna

174 2487 342 2541 ceterorum
364 2478 446 2558 copia
470 2497 685 2559 comparamus,
712 2498 805 2561 pauca
828 2487 898 2542 sunt
924 2479 955 2542 in
978 2478 1152 2560 septenario,
1175 2477 1207 2539 in
1229 2478 1346 2540 senario

174 2582 243 2625 vero
267 2563 343 2625 baud
367 2563 494 2625 multum
517 2562 602 2626 abest
623 2564 696 2645 quin
719 2567 798 2627 nulla
822 2566 890 2626 sint.
937 2565 1038 2644 Neque
1065 2573 1177 2626 temere
1207 2570 1257 2625 aut
1279 2581 1348 2625 casu

173 2648 306 2710 evenisse
328 2657 444 2730 potest,
472 2657 505 2710 ut
527 2650 615 2711 etiam
645 2649 675 2710 in
699 2650 744 2712 his
767 2667 905 2713 versuum
933 2650 1052 2713 sedibus
1074 2649 1137 2713 lere
1159 2658 1227 2729 post
1249 2648 1349 2727 longas

174 2734 288 2796 vocales
311 2734 409 2796 hiatus
432 2733 580 2796 acciderit.
624 2735 720 2797 lmmo
744 2735 799 2797 hoo
822 2735 958 2797 Plautum
981 2734 1146 2797 intendisse
1172 2751 1292 2805 censeo,
1317 2742 1349 2794 ιιι

173 2819 246 2881 tales
270 2837 388 2898 quoque
411 2818 554 2881 vocalium
577 2837 753 2892 concursus,
781 2820 968 2901 maximeque
993 2819 1014 2882 ii
1045 2818 1094 2899 qui
1118 2820 1148 2881 in
1170 2818 1278 2882 senarii
1301 2818 1346 2879 in·
1477 2874 1479 2879 .

173 2904 285 2966 cisione
303 2904 419 2979 tierent,
441 2905 543 2966 eadem
560 2906 756 2986 correptionis
774 2906 961 2968 excusatione
977 2905 1212 2967 defenderentur
1226 2923 1284 2985 qua
1307 2902 1348 2964 illi

173 2989 226 3069 qui
248 2990 356 3051 ceteris
377 3007 517 3052 versuum
538 2990 612 3052 locis
639 2991 724 3053 etin
757 2992 853 3053 media
886 2990 1020 3054 oratione
1053 2990 1260 3051 efficerentur:
1294 3006 1349 3050 nec

173 3083 274 3136 tamen
296 3075 370 3136 adeo
393 3084 536 3154 angustos
559 3075 634 3137 lines
648 3076 854 3156 terminosque
868 3085 986 3157 poetam
1010 3075 1067 3137 sibi
1089 3074 1290 3145 constituisse,
1315 3082 1349 3134 ut

173 3159 206 3221 in
229 3158 364 3221 oratione
387 3159 467 3222 linita
491 3168 521 3223 et
542 3158 572 3221 in
597 3179 736 3223 caesurae
757 3162 838 3235 sede,
863 3161 912 3224 ubi
928 3172 1049 3242 propter
1064 3178 1203 3222 versuum
1227 3158 1347 3222 conlor·

174 3243 337 3307 mationem
361 3245 456 3307 oratio
479 3245 627 3327 paulisper
648 3246 871 3320 intermittitur,
900 3264 1065 3326 numquam
1093 3242 1348 3307 aconsuetndiue

173 3348 225 3392 sua
247 3330 401 3391 recederet
424 3349 521 3411 neque
543 3331 602 3393 ullo
625 3331 689 3393 loco
711 3331 832 3394 brevem
856 3332 1025 3395 admitteret
1047 3330 1199 3411 syllabam.

258 3414 314 3477 Sed
344 3423 379 3477 ut
405 3414 523 3477 sitiam
545 3414 634 3477 buius
662 3416 869 3497 disputationis
904 3417 1027 3479 modus:
1062 3434 1156 3477 unum
1191 3423 1235 3477 est
1269 3413 1347 3494 quod

174 3506 295 3562 nostrae
318 3500 504 3563 coniecturae
526 3500 645 3563 ollicere
668 3501 809 3576 videatur,
832 3503 910 3565 illam
933 3502 1028 3581 legem
1051 3500 1117 3563 dico
1132 3518 1220 3580 supra
1242 3497 1347 3579 (oapi

172 3586 191 3658 b
215 3584 246 3664 1)
268 3585 427 3659 laudatam,
450 3602 506 3664 qua
521 3594 590 3647 ante
606 3595 772 3650 extremum
788 3587 929 3650 creticum
946 3585 1064 3649 iambici
1078 3585 1185 3648 senarii
1201 3592 1232 3646 et
1245 3593 1347 3664 septe·

174 3670 249 3731 narii
282 3670 421 3732 trochaici
449 3679 583 3750 correpta
612 3671 705 3733 thesis
735 3671 829 3753 poetis
864 3690 925 3735 non
953 3670 1105 3753 placuerit.
1150 3671 1188 3732 tt
1216 3669 1346 3751 primum

173 3754 276 3817 eadem
299 3764 401 3818 nostra
424 3755 566 3836 opinione
589 3774 649 3817 non
672 3775 836 3839 numquam
859 3759 907 3831 fit,
935 3768 970 3820 ut
997 3757 1072 3818 duae
1095 3755 1200 3818 breves
1222 3755 1347 3835 syllabae

172 3839 203 3900 in
230 3840 332 3920 quinta
360 3848 390 3902 et
417 3851 498 3903 sexta
528 3841 662 3904 thesibus
690 3842 869 3919 alliciantur3
898 3861 923 3904 v.
946 3860 1035 3922 supra
1050 3842 1068 3902 l.
1091 3840 1111 3902 l.
1134 3848 1164 3903 et
1185 3841 1293 3920 Amph.
1317 3840 1346 3911 4,

173 3921 202 3998 3,
228 3926 283 3999 15,
306 3925 381 3987 Meu.
405 3925 481 3999 t,1,
507 3927 560 4000 111,
586 3926 673 3989 Mero.
699 3930 726 4001 1,
751 3929 778 4000 1,
801 3926 858 4002 83,
887 3926 915 4001 3,
939 3927 969 4002 2,
993 3926 1027 4001 9,
1048 3925 1107 3988 Mil.
1133 3929 1161 3999 1,
1186 3927 1213 3997 l,
1236 3925 1294 4000 65,
1317 3924 1346 3997 3,

175 4009 303 4086 1,125,
337 4010 367 4085 4,
391 4010 419 4083 8,
443 4012 463 4071 4
486 4020 516 4073 et
538 4009 594 4087 28,
626 4012 710 4074 Most.
735 4013 764 4087 2,
790 4014 818 4086 1,
840 4013 896 4087 45,
930 4013 1012 4075 Pers.
1036 4012 1064 4087 4,
1088 4013 1118 4085 7,
1140 4012 1174 4085 7,
1202 4010 1293 4072 Poen.
1321 4010 1347 4083 1,

173 4092 202 4167 2,
224 4096 279 4172 77,
302 4097 332 4169 5,
355 4095 384 4168 2,
407 4095 462 4171 92,
488 4096 595 4159 Pseud.
620 4097 649 4169 3,
672 4097 702 4171 2,
727 4099 783 4173 11,
806 4098 835 4173 3,
859 4100 888 4171 5,
914 4099 946 4172 1,
974 4096 1065 4159 Stich.
1091 4099 1120 4170 5,
1143 4096 1173 4170 6,
1197 4094 1232 4171 3,
1264 4094 1344 4156 Trin.

172 4178 203 4253 2,
226 4183 255 4253 4,
281 4180 358 4256 119,
380 4181 467 4242 Truc.
491 4181 519 4253 2,
535 4182 565 4255 4,
588 4180 643 4256 43,
666 4182 695 4255 4,
720 4181 748 4253 3,
771 4182 811 4245 58
834 4182 893 4266 (sil
913 4201 1019 4265 equom
1042 4182 1135 4261 bibit);
1162 4191 1250 4260 atque
1273 4180 1347 4242 haec

173 4264 292 4343 quidem
325 4266 357 4328 in
379 4266 527 4329 vocabulis
558 4266 779 4348 monosyllabis;
812 4268 843 4330 in
876 4266 1061 4349 polysyllabis
1084 4266 1160 4327 Men.
1185 4263 1214 4336 3,
1236 4264 1266 4338 2,
1290 4264 1346 4338 43,

173 4348 202 4429 3,
220 4350 248 4423 3,
267 4351 299 4423 1,
321 4350 405 4413 bloet.
424 4351 453 4424 3,
472 4351 592 4427 1,1111,
614 4351 695 4414 Pers.
712 4351 742 4425 2,
764 4353 792 4424 2,
814 4351 853 4414 38
870 4356 925 4429 (me
948 4353 1060 4436 quidem
1078 4347 1083 4432 Ι
1103 4351 1216 4413 addocet
1232 4349 1345 4425 Both.);

172 4435 264 4503 Poen.
287 4436 316 4508 4,
339 4434 368 4503 2,
392 4437 446 4513 90,
471 4435 562 4497 Stich.
585 4434 616 4509 2,
631 4435 661 4510 2,
676 4437 717 4498 66
733 4437 768 4498 al.
792 4437 902 4501 [leinde
925 4440 973 4500 illa
996 4446 1041 4497 est
1064 4434 1231 4498 observatio
1253 4454 1346 4515 quae·

173 4518 240 4582 daur
266 4554 307 4563 -
329 4520 391 4581 sive
421 4521 596 4601 elegantiam
626 4522 724 4585 dicere
752 4522 890 4585 malueris
911 4558 968 4596 -,
996 4539 1056 4583 nou
1084 4529 1146 4583 ruta
1168 4519 1229 4594 lex3
1263 4529 1291 4581 et
1312 4520 1345 4581 iu
