3160 5092
691 438 886 502 ..5-

203 624 303 678 autern
338 633 407 675 eum
435 613 587 677 admiserit
616 636 725 695 ‹yrrasve
754 618 832 696 leges
854 616 886 677 iu
914 617 1097 680 admittendo
1131 621 1301 689 servaverit,
1338 640 1373 682 ex

203 699 353 763 codicibus
386 699 529 761 Plautinis
563 700 676 763 discere
710 712 739 764 et
772 720 933 782 possumus
968 711 997 764 et
1031 705 1183 766 debemus.
1230 706 1259 766 ld
1293 706 1373 767 enim

161 789 163 794 ’
204 785 325 848 unicum
349 785 380 845 in
405 785 513 847 haere
544 787 748 848 testiinonium
778 787 935 861 habemus;
970 788 1016 849 cui
1051 788 1075 849 si
1111 790 1199 850 fidem
1232 791 1375 852 vellemus

202 870 352 950 abrogare,
376 870 432 952 ipsi
455 870 542 932 nobis
565 873 649 950 quasi
672 872 864 934 fundamenta
888 880 1100 935 averteremus.
1131 874 1185 937 Est
1207 894 1280 937 sane
1302 896 1375 938 cou-

203 956 367 1019 codendum
380 955 505 1028 fabulas,
522 975 580 1035 quo
594 959 682 1018 modo
697 957 823 1020 traditae
838 957 925 1019 nobis
941 967 1021 1031 suut,
1039 976 1227 1039 nequaquam
1242 960 1374 1040 integras

204 1060 280 1113 esse,
292 1040 321 1102 id
335 1042 414 1120 quod
430 1061 465 1103 ex
477 1041 663 1104 Ambrosiani
676 1043 741 1104 libri
754 1062 821 1105 curu
836 1042 977 1104 Palatinis
990 1043 1146 1106 collatione
1159 1045 1262 1108 elucet.
1279 1047 1374 1125 dtquc

203 1128 300 1207 ipsum
319 1126 462 1190 vocalium
478 1144 660 1190 concursum
673 1128 847 1208 Rescriptus
863 1127 1013 1190 interdum
1030 1130 1170 1203 removit;
1193 1149 1372 1211 quamquam

203 1230 264 1274 uon
281 1210 392 1273 desunt
406 1211 463 1274 lcci
478 1245 519 1256 -
533 1213 657 1275 totidem
673 1213 735 1275 lere
750 1213 852 1290 suut¹l
865 1212 1026 1293 -quibus
1039 1213 1191 1276 hiccodex
1204 1216 1373 1289 servaverit,

204 1296 330 1359 Palatini
353 1296 530 1359 sustulerint
552 1298 675 1360 hiatum.
722 1299 824 1379 Neque
848 1317 917 1359 vero
940 1299 996 1359 ulla
1020 1299 1136 1360 ratione
1159 1319 1213 1380 per
1235 1301 1289 1362 hos
1311 1310 1371 1363 tam

204 1400 315 1464 pancos
338 1383 419 1444 locos
442 1382 528 1443 nobis
551 1383 676 1445 liberum
701 1393 747 1445 est
768 1382 912 1445 infinitam
929 1391 1099 1446 ceterorum
1116 1386 1241 1465 copiam,
1263 1387 1373 1467 quibus

203 1466 338 1528 omnium
373 1467 516 1529 librorum
545 1469 717 1530 testimonio
749 1469 844 1531 hiatus
866 1469 1035 1540 firmantur,
1065 1479 1233 1550 corruptam
1258 1480 1371 1551 putare.

203 1553 296 1614 lmmo
319 1551 496 1615 llitschelius
529 1572 651 1634 prorsus
675 1554 887 1635 improbandus
918 1562 973 1628 est,
1007 1554 1057 1634 qui
1091 1555 1122 1616 in
1146 1556 1371 1635 Prolegomeuis

204 1637 372 1700 Trinummi
388 1637 430 1719 (p.
449 1637 508 1700 187
525 1646 582 1719 sq.)
598 1639 712 1702 hiatum
736 1638 945 1719 angustissime
967 1640 1107 1702 coercuit.
1139 1640 1213 1703 Nam
1237 1652 1371 1722 praeter-

204 1741 292 1803 quam
315 1724 394 1805 quod
417 1723 481 1805 ipse
504 1724 552 1786 bic
574 1724 617 1786 vir
640 1725 745 1787 doctus
773 1723 910 1805 postea’)
932 1724 988 1787 sibi
1015 1724 1158 1806 persuasit
1192 1745 1223 1788 se
1256 1727 1372 1807 longius

204 1826 411 1887 progressum:
435 1808 516 1870 omni
539 1817 618 1872 caret
640 1808 846 1890 probabilitate
870 1818 915 1871 tot
933 1809 1014 1872 locos
1030 1819 1162 1886 mutare;
1184 1812 1292 1875 deinde
1306 1813 1371 1875 Rit-

206 1893 335 1956 schelius
359 1889 421 1955 n'nn
444 1894 479 1956 ab
503 1895 643 1975 exemplis
666 1896 745 1975 leges
761 1895 878 1977 repetiit
893 1896 1007 1976 integro
1023 1895 1142 1970 iudicio,
1165 1898 1216 1959 sed
1233 1898 1372 1978 opinione

203 1978 400 2060 praeiudicata
422 1997 485 2042 rem
509 1999 663 2060 aggressus
694 1989 749 2054 est,
784 1981 852 2061 quia
880 1980 950 2042 illud
982 1980 1132 2044 Ciceronis
1167 1983 1201 2044 ad
1232 1982 1370 2045 Plautum

204 2064 353 2145 pertinere
376 2065 569 2145 existimabat,
593 2067 629 2127 de
652 2085 711 2147 quo
734 2085 809 2146 quae
832 2065 917 2127 nobis
941 2066 1095 2128 videantur
1118 2086 1207 2146 supra
1231 2070 1372 2148 exposui-

204 2168 279 2212 mus.
310 2150 436 2231 Propius
459 2151 494 2211 ad
508 2170 614 2229 rerum
637 2151 760 2213 accessit
776 2150 995 2231 Spengetiusty,
1018 2170 1086 2214 cum
1110 2152 1244 2214 codicum
1267 2162 1371 2216 aucto-

204 2236 290 2298 ritate
313 2254 386 2298 usus
409 2237 527 2298 easdem
557 2237 620 2299 lere
649 2256 722 2317 quas
745 2236 779 2298 G.
801 2237 1024 2313 Hermannus⁴l
1049 2238 1128 2317 leges
1157 2239 1369 2302 constitueret:

203 2322 234 2384 in
268 2338 388 2383 caesura
419 2321 546 2384 trimetri
581 2322 696 2385 iambici
731 2321 941 2401 semiquinaria
976 2338 1037 2383 non
1076 2323 1174 2385 minus
1213 2342 1301 2404 quarn
1339 2325 1370 2386 in

204 2406 332 2485 legitima
355 2407 520 2468 tetrametri
544 2408 683 2470 trochaici
705 2407 804 2469 cretici
822 2406 969 2469 bacchiaci
986 2406 1098 2470 hiatum
1116 2408 1230 2470 veniam
1247 2428 1369 2490 prorsus

204 2491 366 2571 legitimam
390 2491 513 2566 habere3
536 2512 625 2572 porro
648 2492 878 2573 relinquendum
903 2511 970 2554 eum
994 2511 1058 2555 osse
1081 2493 1222 2555 omnibus
1238 2495 1369 2567 iislocis,

204 2577 311 2658 quibus
345 2577 558 2658 pronuntiandi
596 2578 776 2640 continuitas
813 2577 962 2639 sententia
1000 2578 1228 2651 intermittatur,
1270 2588 1304 2641 ut
1340 2581 1372 2642 in

204 2662 369 2725 mutatione
391 2660 597 2742 personarum,
620 2663 651 2724 in
675 2662 947 2736 exclamationibus,
971 2662 1002 2724 in
1025 2664 1282 2743 appellationibus,
1304 2674 1373 2745 post

205 2749 313 2810 fortem
338 2747 557 2810 distinctionem
582 2748 618 2809 al.
665 2748 698 2808 ln
721 2747 803 2809 hisce
826 2745 916 2809 rebus
940 2748 1093 2810 verissime
1117 2749 1253 2811 traditam
1278 2751 1372 2831 scrip-

204 2844 301 2895 turam
325 2832 451 2895 servavit
467 2833 650 2914 Spengelius.
682 2833 762 2894 ldem
780 2832 822 2893 vir
837 2833 941 2894 doctus
957 2834 1076 2912 negavit
1091 2833 1122 2894 iu
1138 2834 1216 2896 thesi
1232 2836 1371 2916 syllabam

205 2920 292 2998 longa
317 2918 406 2980 vocali
438 2918 483 2980 vel
512 2918 608 2981 littera
636 2937 665 2979 m
694 2918 805 2980 linitam
835 2937 960 2999 usquam
989 2918 1101 2981 hiatum
1140 2920 1281 3000 recipere,
1315 2922 1371 2983 nisi

206 3003 439 3084 monosyllabum
473 3004 647 3066 vocobulum
676 3011 767 3076 esset3
807 3003 839 3063 in
879 3005 937 3065 arsi
970 3004 1135 3083 legitimum
1166 3005 1280 3067 blatum
1310 3007 1373 3069 lieri

205 3098 272 3170 post
304 3088 516 3170 monosyllabas
551 3108 635 3151 voces
665 3089 695 3150 in
722 3090 838 3167 longam
867 3088 995 3151 vocalem
1024 3089 1068 3151 vel
1095 3089 1127 3151 in
1156 3109 1186 3152 m
1209 3108 1371 3153 consonam

205 3175 357 3247 cadentes,
391 3175 462 3236 dum
496 3175 624 3254 priorem
658 3172 798 3255 syllabam
833 3174 921 3236 arsis,
940 3175 972 3235 in
1006 3175 1078 3237 diras
1116 3175 1220 3237 breves
1257 3178 1371 3239 solutae

201 3260 352 3321 eldrerent
363 3259 387 3333 ⁵)
404 3298 445 3307 -
462 3268 491 3321 et
512 3269 579 3340 yrost
596 3260 746 3331 iambicas,
769 3278 844 3339 qnae
860 3258 890 3319 iu
909 3258 992 3321 hiatu
1009 3259 1211 3340 pyrrhichium
1228 3261 1370 3324 lacerent.

201 3347 296 3425 litque
318 3362 392 3407 nunt
417 3345 592 3425 Spengelius
616 3346 647 3407 in
671 3345 716 3406 his
740 3345 828 3406 rebus
852 3344 962 3406 nimius
986 3346 1084 3417 luerit,
1109 3365 1208 3426 neque
1233 3356 1291 3408 tarn
1316 3365 1370 3409 an·

200 3429 278 3509 gusti
302 3430 377 3492 linos
401 3430 601 3492 constituendi
623 3431 692 3503 sint,
717 3428 965 3510 disputatiuncula
982 3449 1047 3493 mea
1063 3431 1208 3511 explicare
1227 3432 1371 3508 conabor3

201 3534 269 3578 nam
294 3515 367 3577 ntihi
391 3516 534 3597 proposui
558 3515 708 3578 codicibus
732 3515 890 3596 diligenter
913 3516 1088 3577 examinatis
1111 3516 1163 3579 has
1187 3517 1260 3580 duas
1275 3536 1323 3581 res
1339 3519 1370 3580 in

201 3601 404 3682 quaestionem
429 3619 541 3674 vocare,

301 3687 320 3747 l.
344 3704 418 3748 num
441 3686 567 3749 theticae
591 3686 705 3749 vocales
730 3686 833 3765 longae
856 3687 888 3747 in
911 3685 995 3748 hiatu
1018 3695 1171 3767 correptae
1193 3688 1270 3763 sint3

285 3772 319 3832 ll.
344 3790 414 3833 num
440 3771 560 3834 Plautus
584 3771 618 3833 iis
643 3772 762 3833 vocibus
785 3771 943 3852 bisyllabis,
966 3790 1092 3851 quarum
1115 3774 1243 3834 vocalem
1268 3783 1369 3837 extre-

200 3875 278 3918 marn
305 3866 336 3918 et
368 3856 487 3919 brevem
522 3867 552 3919 et
585 3857 702 3936 longam
737 3857 816 3927 lacit,
851 3865 920 3918 ante
948 3866 1123 3937 sequentem
1154 3860 1283 3921 vocalem
1315 3878 1369 3939 pro

201 3941 376 4023 pyrrhichiis
410 3961 481 4005 usus
515 3943 562 4005 sit.
613 3942 686 4004 Cum
722 3953 820 4005 autem
853 3942 889 4005 de
927 3942 1029 4004 metris
1064 3955 1223 4024 anapaesto
1261 3946 1369 4008 cretico

225 4207 230 4219 Ι
268 4139 290 4203 ¹)
308 4139 355 4190 hoc
378 4154 411 4190 ex
434 4138 556 4204 exemplis
580 4135 648 4188 inira
671 4138 763 4189 adlatis
785 4138 930 4204 apparebit3
955 4136 986 4189 el.
1012 4136 1136 4205 Geppert,
1155 4140 1186 4190 de
1209 4140 1264 4190 cod.
1284 4140 1369 4193 dmbr.

201 4204 1032 4341 L¹⁹⁵3ylii⁷cu¹i1iliisyiiiarpi⁸iieiiiiuisriivpaiiiiiiau
1051 4273 1062 4325 t
1080 4274 1136 4341 erp.
1153 4274 1217 4328 recu
1237 4291 1260 4342 y.
1273 4276 1367 4343 raosq.

267 4343 288 4408 ⁸)
306 4344 333 4394 in
352 4351 468 4396 extremo
489 4343 554 4394 libro
574 4342 603 4393 Τ.
623 4340 736 4393 Maccius
755 4341 870 4406 Plautus,
888 4340 974 4394 Goett.
995 4344 1069 4394 1865.

269 4412 289 4472 ⁴l
307 4412 388 4464 Elem.
408 4414 489 4462 doctr.
508 4418 582 4463 metr.
601 4410 671 4477 Lips.
692 4411 756 4462 1816
775 4428 798 4478 p.
820 4411 913 4477 ldtlsq.
933 4411 966 4463 al.

269 4479 288 4543 Ι)
306 4480 370 4532 hane
389 4481 470 4546 legen
490 4480 624 4532 constituit
643 4479 773 4532 Bentleius
792 4480 880 4532 Sched.
900 4481 930 4532 de
949 4487 1023 4531 metr.
1037 4477 1095 4530 l'sr.
1109 4496 1132 4546 p.
1146 4478 1215 4530 Xllll
1229 4486 1295 4531 eutr.
1315 4482 1370 4533 edi·

201 4547 280 4600 tionis
299 4547 468 4601 Terentianae
486 4548 519 4614 (a.
540 4549 605 4601 1726
624 4548 739 4615 Cautab.)
