3160 5092
688 399 911 462 -24..

707 683 828 747 utrvr
850 684 887 750 ll.

506 839 564 906 De
587 838 848 920 polysyllabis
870 838 1083 906 voeabulls.

246 1031 249 1035 «
299 982 341 1045 lle
376 980 584 1063 monosyllabis
614 981 704 1061 igitur
727 980 870 1062 correptis
903 998 952 1042 res
981 980 1040 1042 iam
1067 980 1145 1043 inter
1175 981 1253 1045 viros
1276 983 1387 1053 doctos,

214 1068 269 1132 etsi
285 1086 347 1130 non
370 1068 449 1130 inter
466 1067 750 1141 omnes,corrrenit;
772 1066 849 1130 haud
872 1066 913 1128 ita
934 1066 970 1128 de
987 1066 1180 1148 polysyllabis.
1211 1067 1387 1148 Spengelius

213 1152 405 1230 enimtl'laut.
424 1173 451 1234 p.
463 1151 525 1214 232
537 1152 596 1234 sq.)
609 1151 869 1232 negatcommissis
883 1151 962 1213 inter
975 1171 1007 1213 se
1016 1152 1110 1215 verbis
1120 1152 1248 1225 duobus,
1260 1172 1387 1234 quorum

214 1237 513 1322 priuspolysyllabum
527 1238 565 1300 sit
577 1246 607 1299 ct
620 1238 651 1300 in
663 1239 779 1318 longam
793 1237 924 1300 vocalem
936 1239 978 1299 rel
992 1237 1021 1299 in
1034 1238 1251 1318 diphthongum
1264 1239 1387 1312 excidat,

214 1326 361 1407 posterius
373 1344 389 1386 a
403 1324 493 1387 vocali
505 1323 637 1404 incipiat,
649 1324 784 1386 ultimam
798 1323 906 1404 prioris
919 1323 998 1385 rocis
1011 1325 1139 1386 vocalem
1154 1325 1184 1386 in
1195 1324 1269 1388 thesi
1283 1326 1387 1407 corripi

215 1410 357 1492 potuisse.
384 1409 448 1484 Qua
465 1410 494 1472 in
506 1428 539 1472 re
551 1409 600 1471 tali
613 1409 836 1472 ratiocinatione
849 1409 955 1487 utitur,
967 1419 1000 1471 ut
1017 1409 1110 1473 dicat:
1127 1428 1194 1472 cum
1207 1429 1275 1490 pars
1290 1410 1387 1473 hiatus

215 1497 417 1578 exemplorum
430 1497 494 1577 ipso
507 1494 809 1558 codicedmbrosiano
818 1495 987 1576 expellatur,
1001 1514 1068 1575 pars
1077 1497 1309 1576 transponendo,
1320 1515 1386 1577 pars

214 1582 349 1646 facilibus
372 1580 632 1645 emendationibus
656 1581 809 1651 eximatur,
833 1581 935 1662 quales
959 1580 1018 1642 sint
1039 1582 1167 1645 hemonis
1188 1600 1242 1662 pro
1268 1581 1389 1645 bominis

217 1668 359 1750 positum,
381 1671 427 1731 uti
440 1686 494 1748 pro
511 1678 552 1738 ut,
574 1666 664 1730 illunc
684 1667 743 1730 illic
757 1670 819 1732 istic
840 1686 894 1748 pro
909 1666 991 1730 illum
1006 1666 1053 1729 illi
1066 1671 1121 1741 isti,
1135 1667 1231 1731 itidem
1245 1685 1299 1747 pro
1314 1671 1388 1737 dem,

218 1757 399 1836 empuripctio
419 1771 474 1834 pro
497 1757 676 1833 espurputio,
702 1754 763 1816 dice
785 1771 839 1833 pro
862 1753 905 1815 dic
927 1753 1058 1832 aliaeque
1081 1788 1131 1825 —,
1162 1772 1212 1814 cos
1234 1752 1316 1815 locos
1338 1753 1388 1834 qui

218 1839 372 1921 supersint
402 1839 503 1902 eadem
527 1838 735 1901 aestimatione
757 1838 933 1918 dignandos,
961 1838 1117 1919 simileque
1146 1838 1206 1900 veri
1236 1857 1303 1900 esse
1326 1838 1388 1901 eius

219 1925 298 1989 modi
322 1924 421 1987 hiatus
443 1924 582 1987 Plautum
606 1924 726 2004 fugisse.
762 1923 840 1986 llaec
853 1923 999 2005 Spengelii
1020 1925 1096 1987 ratio
1112 1942 1200 2006 quam
1217 1941 1278 1984 non
1293 1924 1389 2002 gravis

219 2011 269 2084 sit,
293 2028 381 2073 nemo
405 2020 451 2073 est
472 2010 545 2090 quin
568 2010 686 2073 sentiat.
725 2008 929 2090 Respiciamus
957 2009 1047 2088 igitur
1070 2028 1145 2090 quae
1168 2009 1300 2089 exempla
1324 2009 1390 2072 libri

220 2096 323 2176 scripti
346 2095 495 2169 adierant,
527 2104 617 2176 atquc
639 2095 852 2165 examinamus,
884 2096 984 2157 sintne
1013 2114 1045 2157 ea
1077 2095 1116 2157 ita
1144 2103 1325 2174 comparata,
1358 2103 1391 2157 ut

219 2200 339 2245 necesse
361 2181 401 2243 sit
422 2188 586 2244 mutentur.
632 2181 695 2243 Hoc
722 2189 822 2245 autem
845 2180 948 2243 ordine
975 2180 1012 2242 dc
1043 2181 1138 2259 longis
1163 2180 1311 2243 vocalibus
1340 2199 1390 2242 ex-

219 2266 322 2330 usmis
345 2266 562 2348 disputabimus
994 2350 1000 2363 ι

598 2370 615 2412 o
659 2371 669 2413 r
712 2369 728 2412 a
772 2370 788 2413 e
832 2368 853 2412 u
896 2369 930 2412 aa
974 2370 1020 2425 or;

219 2436 419 2518 adiungentur
443 2456 475 2499 ea
498 2435 648 2510 vocabula,
672 2435 798 2516 quaein
822 2454 852 2497 m
875 2435 1005 2499 litteram
1028 2435 1138 2499 exitum
1163 2434 1280 2498 bahem.

655 2609 681 2670 1.
713 2608 801 2671 Deo
832 2609 960 2673 vocali.

307 2736 350 2797 dc
371 2734 501 2815 primum
526 2753 559 2796 ca
581 2735 757 2815 polysyllaba
774 2735 1007 2807 consideramus,
1030 2753 1145 2814 quaec
1168 2734 1257 2797 vocali
1281 2736 1391 2797 liniun-

222 2829 281 2901 tur.
326 2820 460 2894 Quorum
483 2837 544 2881 non
568 2839 660 2901 pauca
679 2821 809 2901 exempla
833 2820 896 2883 eius
918 2820 1036 2900 generis
1052 2828 1132 2894 sunt,
1156 2830 1188 2883 ut
1210 2821 1240 2882 in
1264 2820 1391 2899 legitima

219 2923 361 2967 versuum
384 2905 530 2967 incisione
562 2905 659 2967 hiatus
688 2906 842 2968 efficiatur.
886 2906 983 2987 Atque
1016 2905 1045 2966 hi
1079 2924 1182 2967 versus
1212 2925 1272 2986 quo
1304 2907 1391 2967 modo

222 3009 238 3052 a
266 2990 377 3053 criticis
400 2990 587 3053 emendando
608 2992 830 3073 transponendo
860 2990 997 3053 addendo
1023 2991 1171 3053 demendo
1193 2991 1301 3053 tentati
1331 2991 1391 3052 siut

227 3078 377 3155 exponere
407 3085 436 3138 et
469 3075 589 3155 longum
621 3086 651 3137 et
681 3077 786 3139 inutile
817 3084 872 3138 est.
917 3076 1016 3139 lliatui
1040 3077 1129 3149 enim,
1160 3076 1210 3157 qui
1240 3076 1270 3138 in
1294 3077 1390 3137 medio

223 3161 390 3241 septenario
406 3160 571 3223 ‘trochaico
594 3160 709 3234 accidit,
742 3161 864 3243 abipso
887 3161 1048 3223 llitschelio
1081 3162 1121 3240 (v.
1144 3162 1220 3223 blen.
1250 3163 1340 3242 prael.
1363 3180 1390 3241 p.

225 3246 263 3307 10
286 3264 330 3326 sq.
354 3246 404 3326 al.)
427 3247 578 3309 excusatio
601 3247 703 3320 datur3
724 3256 813 3328 atque
834 3248 923 3308 etiam
946 3247 977 3308 in
1000 3247 1109 3309 senarii
1132 3247 1250 3308 iambici
1272 3266 1390 3309 caesura

221 3433 342 3478 assensu
366 3434 421 3477 suo
443 3415 751 3497 comprobaverunt.¹)
781 3417 867 3489 Quod
890 3435 957 3479 cum
981 3418 1019 3479 ita
1043 3419 1090 3487 sit,
1115 3436 1219 3479 versus
1235 3418 1300 3478 illos
1317 3437 1390 3479 enu-

225 3518 338 3563 merare
360 3502 432 3563 satis
463 3502 591 3576 habebo,
626 3502 682 3564 nisi
704 3505 782 3565 forte
804 3503 889 3564 aliam
923 3501 961 3563 ob
988 3521 1107 3565 cansam
1136 3502 1167 3564 irr
1191 3502 1390 3583 suspicionem

226 3594 380 3649 vocantur.

255 3676 257 3681 '
307 3671 446 3733 Senarios
468 3671 560 3750 igitur
580 3673 612 3735 in
631 3672 776 3735 incisione
799 3671 911 3735 hiulcos
934 3673 990 3733 hos
1014 3672 1145 3753 repperi:
1180 3674 1286 3753 Amph.
1310 3672 1339 3746 3,
1365 3675 1391 3743 1,

225 3757 278 3819 14:
302 3775 360 3819 csse
381 3755 582 3838 adsimulabo!
602 3768 685 3840 utque
706 3761 737 3819 in
757 3758 861 3820 berum
880 3757 1040 3839 familiam
1062 3757 1126 3820 hul.
1150 3756 1178 3827 3,
1202 3759 1232 3823 5.
1256 3758 1315 3819 34:
1338 3768 1392 3819 stat

218 3842 306 3911 fullo,
326 3843 455 3924 pdrypio,
476 3840 481 3922 Ι
501 3845 631 3923 cuntem,
660 3842 797 3916 limarsum
831 3862 893 3905 voc.
913 3844 1035 3925 pdrppr'o
1057 3844 1088 3904 in
1109 3841 1311 3905 Menaechmis
1339 3843 1391 3922 legi

221 3929 420 3992 certissimum
443 3936 506 3999 est3
528 3947 553 3989 v.
570 3927 598 4001 2,
616 3929 645 3997 3,
663 3929 717 3995 72:
742 3928 771 3999 3,
788 3927 817 3998 2,
834 3929 871 4000 43
898 3928 926 3998 4,
945 3930 971 3996 t,
988 3931 1022 4001 ὃς
1051 3928 1080 4001 4,
1098 3928 1127 4001 2,
1143 3929 1194 3990 54.
1232 3929 1269 3990 dt
1292 3941 1390 3990 tamen

221 4014 362 4076 Goetzius
385 4030 452 4074 cum
480 4014 584 4074 Vetere
610 4013 684 4075 libro
703 4013 824 4095 phyrpio
851 4013 881 4075 in
904 4023 986 4075 textu
1011 4014 1118 4093 posuit.
1164 4014 1320 4086 lutattt,
1339 4013 1390 4074 13:

222 4100 342 4181 indeque
365 4098 527 4169 adserendo,
549 4098 552 4174 l
572 4116 678 4161 curum
705 4100 757 4161 ubi
776 4099 927 4161 obstrudat
947 4117 1050 4172 susem
1081 4100 1145 4159 dul.
1169 4099 1198 4171 4,
1216 4098 1243 4169 8,
1262 4100 1296 4161 3:
1330 4117 1390 4160 me-

221 4203 338 4248 morare
353 4185 428 4248 nolo.
448 4180 453 4266 Ι
472 4183 619 4246 hominum
634 4183 878 4254 mendicabulum
898 4183 1002 4246 Bacch.
1020 4185 1049 4256 2,
1066 4183 1095 4256 3,
1111 4186 1166 4245 45:
1184 4186 1253 4247 dum
1269 4188 1391 4247 cucum-

222 4281 324 4351 specto,
344 4274 349 4351 Ι
369 4280 452 4348 utque
475 4288 523 4349 epo
546 4269 668 4335 emtum
691 4274 849 4350 coaspimm
875 4270 980 4333 Bacch.
1004 4270 1034 4341 4,
1050 4269 1081 4341 9,
1100 4268 1175 4331 148:
1207 4271 1323 4333 donum
1343 4288 1392 4331 re-

291 4445 311 4504 ¹)
330 4444 393 4495 hand
412 4443 491 4494 aliter
509 4442 613 4493 Bririus
632 4442 693 4492 olim
713 4442 850 4505 iudicarim
869 4460 893 4494 v.
913 4441 977 4493 blau.
997 4443 1035 4492 ed.
1049 4441 1059 4492 l
1072 4443 1169 4508 pilsq.

291 4513 311 4574 ’t
330 4510 363 4562 cl.
381 4509 484 4575 Langen
502 4511 587 4579 Symb.
608 4512 639 4561 ad
658 4512 753 4563 emend.
773 4518 800 4563 et
817 4513 949 4562 cuemund.
974 4510 1059 4563 Plaut.
1079 4510 1150 4578 Lips.
1164 4510 1228 4562 18811
1246 4526 1269 4576 p.
1283 4512 1338 4562 155.
