3160 5092
651 401 868 463 ...77-

175 577 279 639 sarinm
305 596 397 657 paene
421 585 482 651 estr
511 575 593 656 lipid.
618 575 647 648 2,
671 577 700 649 2,
723 577 777 640 624
800 578 850 640 lma
877 578 952 659 parad
973 588 1076 640 auum.
1097 574 1102 659 1
1121 585 1267 656 epomet..
1291 575 1340 638 uhi

173 664 250 725 solus
275 662 488 725 Ambrosianus
512 681 581 723 vere
604 662 721 724 exhibet
744 675 837 725 auram
861 677 913 736 est;
944 663 1083 742 idemque
1113 662 1190 723 cadit
1212 663 1242 723 in
1266 662 1340 727 alnas

172 749 264 810 locos:
295 747 353 809 lllil.
378 748 407 821 3,
434 751 460 818 1,
484 745 539 809 92:
572 749 623 811 uhi
647 768 682 811 ea
704 753 792 829 possit
818 752 944 811 inueniri
961 793 995 809 ..
1028 748 1132 809 l'seud.
1161 748 1187 818 4,
1211 746 1239 819 3,
1266 747 1339 809 4364

172 853 241 896 num
264 835 331 915 quid
353 833 435 895 alind
457 837 542 896 etiam
564 834 647 897 uoltis
671 833 808 897 dicere‘d.
831 880 838 895 .
862 834 892 896 in
922 834 1028 913 quihus
1054 832 1175 895 Palatini
1199 834 1341 912 praebent

170 920 221 982 nli
248 938 311 981 eum
335 921 441 1001 possim
460 916 464 1001 1
484 923 612 983 iuvenire
641 928 671 982 et
697 939 768 982 auur
795 921 863 1001 quid
892 920 982 982 alitam
1002 916 1005 1000 1
1026 921 1111 981 etiam
1142 919 1190 995 lde
1220 937 1279 997 quo
1303 921 1339 980 cl.

171 1006 279 1067 Ritsclr.
306 1005 341 1065 n.
366 1024 427 1066 erc.
456 1007 480 1077 4,
504 1005 544 1066 56
569 1042 585 1048 »-
632 1014 661 1066 ot
685 1006 822 1086 Geppcrt
849 1006 933 1067 stud.
957 1005 982 1066 ll
1005 1005 1072 1084 57);
1095 1003 1151 1065 Μ44.
1177 1003 1205 1071 2,
1230 1005 1259 1076 5,
1283 1003 1339 1065 32ε

170 1090 211 1153 laic
233 1108 362 1152 sororem
381 1088 384 1165 1
405 1109 461 1152 esse
484 1091 629 1153 auarus..
653 1092 695 1153 sic
718 1092 822 1162 Vatum
844 1092 894 1153 sed
911 1110 977 1153 cnm
995 1090 1168 1153 llecnrtatns
1187 1090 1340 1151 Vaticanus

169 1177 303 1238 inaudivi
324 1176 448 1245 tradant,
472 1185 552 1237 recte
575 1176 742 1239 restituitur
763 1178 915 1239 indaudivi
936 1177 1012 1237 sicut
1035 1176 1063 1248 2,
1080 1174 1109 1246 2,
1132 1174 1173 1235 56
1196 1178 1233 1252 (v.
1259 1194 1340 1254 supr.

170 1267 185 1335 i
209 1262 257 1341 6),·
281 1262 363 1323 Pers.
386 1262 416 1333 4,
439 1262 467 1335 4,
492 1262 546 1322 434
571 1262 639 1342 quid
659 1259 721 1324 ita?
745 1296 784 1306 --
809 1263 884 1335 Oraia
907 1266 982 1324 enim
1002 1257 1006 1342 1
1026 1280 1063 1324 eac
1081 1261 1180 1341 puella
1206 1271 1232 1322 te
1259 1265 1341 1341 prius

165 1350 333 1428 percorrtari
352 1348 434 1420 colea
465 1348 552 1409 verha
580 1366 617 1410 em
640 1348 740 1428 puella
767 1357 793 1410 te
819 1347 875 1409 hoc
897 1348 1000 1410 ordine
1032 1350 1106 1409 male
1129 1366 1162 1406 44
1186 1345 1340 1426 Rescripta

169 1433 359 1502 adferuntur,
382 1452 415 1494 ex
439 1433 544 1495 celcris
568 1434 672 1494 melius
695 1444 720 1496 te
742 1452 780 1495 eac
798 1433 897 1513 puella
921 1433 1000 1495 nullo
1025 1432 1118 1504 hiatn;
1149 1432 1240 1493 Stich.
1265 1431 1293 1503 2,
1310 1430 1340 1499 2,

169 1517 223 1580 264
247 1515 340 1600 quid?
362 1518 428 1580 illas
449 1520 545 1581 itidem
565 1516 569 1601 1
589 1538 646 1581 esse
669 1538 801 1582 omues..
825 1519 936 1581 hiatum
961 1518 1102 1580 exliihent
1126 1517 1262 1586 Palatinis
1285 1518 1336 1579 sed

169 1622 235 1665 rum
260 1608 289 1664 in
324 1602 518 1665 Ambrosiano
548 1605 694 1666 scribatur
727 1604 859 1666 itidemne
894 1622 1077 1673 concresse,
1111 1602 1285 1665 Bitschelins
1309 1603 1340 1663 in

168 1698 249 1752 texta
274 1689 374 1770 posuit
395 1690 525 1752 itidemne
547 1707 605 1752 esse
627 1708 727 1752 oenus.

253 1776 324 1836 Post
348 1774 425 1837 tertii
448 1775 578 1838 trochaei
602 1777 708 1837 thesim
734 1775 828 1837 hiatus
853 1773 995 1836 allicitur:
1023 1776 1047 1834 1.
1072 1774 1173 1835 Bacch.
1199 1775 1226 1841 3,
1241 1771 1339 1846 3,34;

167 1877 251 1922 44444
274 1860 324 1922 tihi
343 1860 468 1922 sodalem
487 1859 492 1942 1
511 1871 537 1923 et
567 1861 636 1923 midi
659 1861 761 1942 filium.
785 1895 825 1903 --
854 1858 971 1933 Factum
994 1861 1073 1933 calm
1104 1859 1292 1921 llermannos
1315 1871 1341 1922 et

167 1949 208 2007 mi
232 1942 365 2028 (amem)
390 1946 483 2027 filium
506 1945 636 2009 ediderat
659 1966 787 2027 eumque
810 1946 986 2007 Ritschelius
1009 1954 1128 2007 secutus
1152 1954 1211 2015 est;
1235 1946 1339 2006 eodem

169 2049 273 2092 versus
295 2032 359 2092 loco
381 2050 443 2093 uun
464 2032 613 2112 interponi
637 2051 722 2112 posse
748 2031 899 2105 Ussinqins
923 2031 1052 2093 adnatat.
1097 2030 1124 2089 2.
1148 2030 1233 2091 Cura.
1257 2028 1286 2100 2,
1311 2030 1340 2099 3,

168 2116 225 2178 664
250 2116 381 2179 ‘dedistiu
402 2127 433 2178 tu
448 2129 598 2198 arpentum
606 2115 630 2178 ‘l’
653 2122 778 2199 inparem.
800 2117 804 2196 1
823 2115 923 2179 ‘Imma
943 2115 949 2199 1
968 2117 1044 2197 apud
1065 2119 1234 2196 tarpezitam
1255 2119 1341 2177 situm

167 2201 225 2273 esd,
254 2203 290 2263 de
318 2221 377 2282 qno
400 2221 481 2282 supr.
505 2222 567 2282 cap.
585 2203 608 2265 ll
632 2206 679 2278 §l
709 2204 819 2266 dictum
844 2214 898 2263 est.
924 2204 951 2263 3.
975 2202 1063 2264 4444.
1087 2202 1116 2274 4,
1139 2202 1169 2273 2,
1192 2200 1246 2261 59;
1269 2201 1341 2262 alte·

167 2305 233 2349 ram
254 2291 414 2351 tonstricem
433 2286 438 2369 1
457 2288 549 2363 huius,
580 2288 701 2351 alteram
728 2287 864 2351 ancillam
886 2308 984 2361 suam;
1013 2307 1078 2349 cuni
1106 2287 1222 2349 huiusce
1244 2287 1338 2348 forma

167 2390 227 2435 non
241 2372 281 2434 sit
293 2373 424 2435 Plautina
438 2372 476 2453 (a.
492 2374 634 2437 Schmidt.
648 2376 684 2437 de
702 2392 785 2455 pron.
805 2375 881 2435 dem.
897 2394 922 2454 p.
937 2376 977 2436 54
991 2374 1058 2454 sq),
1081 2372 1188 2435 Surum
1202 2372 1245 2433 vel
1260 2371 1342 2434 illam

168 2459 210 2519 vel
229 2477 322 2520 eccam
345 2467 410 2539 post
432 2459 553 2522 alteram
568 2460 677 2522 inicere
694 2462 798 2522 solent.
824 2496 861 2507 -
888 2460 920 2521 ln
938 2459 1060 2521 dubium
1084 2458 1180 2520 vocari
1196 2466 1338 2539 possunt:

168 2542 258 2604 Poen.
286 2546 312 2615 4,
336 2543 364 2616 2,
385 2542 457 2605 178:
480 2544 564 2608 duim
586 2565 644 2618 aar,
666 2546 750 2608 huius
771 2545 906 2618 studium,
926 2544 930 2624 Ι
950 2545 1033 2608 lmim
1054 2547 1174 2614 suornm,
1202 2547 1340 2623 mastipia,

167 2628 217 2710 qni
245 2648 348 2691 versus
372 2650 386 2691 a
410 2630 571 2693 Schmidtio
601 2632 651 2711 (de
681 2650 724 2711 pr.
755 2632 831 2693 dem.
861 2649 890 2711 p.
909 2630 949 2692 63
967 2630 1026 2710 sq.)
1049 2631 1083 2692 al.
1116 2631 1339 2700 condemnatur,

167 2715 246 2795 quod
270 2716 421 2795 complura
445 2716 566 2778 nomine
589 2716 692 2779 iterata
717 2715 819 2778 hahet:
845 2718 899 2779 hoc
914 2725 1013 2779 umen
1034 2733 1093 2778 non
1111 2715 1200 2776 nimis
1223 2724 1337 2777 certum

167 2800 241 2861 mihi
264 2800 402 2881 videturq
428 2801 504 2864 Men.
521 2804 549 2875 5,
571 2804 600 2871 5,
617 2802 657 2864 49
684 2812 713 2864 et
736 2803 823 2864 Mero.
852 2805 875 2873 4,
900 2801 928 2875 2,
953 2801 1002 2873 38,
1027 2801 1076 2862 ubi
1099 2799 1188 2862 illunc
1211 2811 1240 2861 et
1266 2801 1341 2862 deoa-

167 2896 257 2949 teram
279 2886 355 2947 facili
378 2906 466 2967 opera
488 2887 627 2963 inducam
649 2887 731 2949 Pers.
748 2888 777 2959 4,
794 2886 822 2959 3,
839 2888 894 2949 76:
917 2891 975 2949 uisi
995 2889 1062 2967 quia
1076 2889 1189 2968 aspicia.
1213 2885 1341 2967 equidem

167 2968 172 3051 1
191 2971 289 3051 edepol
310 2971 457 3046 liberalia,
479 2976 603 3054 quisquis
624 2983 680 3048 est;
712 2973 888 3035 Ritschelius
911 2985 937 3036 et
959 2973 1072 3053 quidem
1093 2971 1221 3052 scripsit,
1245 2989 1340 3051 neque

167 3058 196 3118 in
220 3057 314 3137 prima
338 3058 485 3120 sententia
508 3060 634 3140 equidem
658 3059 728 3140 poni
751 3060 840 3134 solet3
870 3067 1001 3121 ceterum
1025 3060 1062 3120 cl.
1086 3058 1149 3119 Usa.
1174 3056 1209 3117 ad
1234 3056 1339 3136 Amph.

167 3143 241 3215 7573
265 3141 350 3204 llihb.
374 3144 410 3205 de
432 3152 506 3223 part.
530 3144 594 3206 Lat.
617 3143 693 3223 Lips.
713 3143 795 3206 4869
818 3164 845 3222 p.
864 3142 904 3206 39
916 3163 959 3224 sq.
983 3178 1024 3189 —
1048 3144 1105 3206 hut
1127 3159 1269 3205 sauream
1290 3151 1341 3203 ant

165 3231 190 3290 si
219 3246 281 3289 non
308 3229 498 3307 coniungitur
527 3232 565 3303 (v.
589 3248 670 3311 supr.
699 3248 760 3309 cap.
779 3229 804 3291 ll
826 3230 905 3309 §2):
937 3228 1020 3291 Most.
1043 3231 1071 3298 5,
1098 3231 1126 3301 4,
1149 3227 1203 3288 42:
1227 3228 1343 3307 quidsi

164 3316 253 3393 ipr'tur
280 3332 329 3394 epa
356 3332 498 3376 accusem
527 3312 675 3377 homines?
692 3360 699 3375 .
718 3359 750 3374 ..
773 3314 950 3377 liitscholius
977 3314 1126 3376 immerito
1159 3311 1340 3392 transposuit

165 3399 234 3479 quid
255 3402 343 3478 ipitur
363 3403 390 3461 si
403 3445 410 3460 .
427 3420 456 3474 .;
478 3420 504 3461 v.
528 3400 596 3461 Lar.
626 3401 661 3461 ad
692 3399 775 3461 Most.
807 3399 1020 3480 (44441393,
1050 3400 1113 3462 Uss.
1142 3398 1176 3460 ad
1201 3399 1265 3459 hul.
1289 3396 1339 3469 48,

165 3486 246 3564 Capi.
272 3485 348 3559 3263
370 3485 540 3559 llellerholi,
563 3487 600 3548 de
622 3486 723 3548 colloc.
740 3484 820 3548 verb.
837 3505 865 3567 p.
882 3485 922 3546 72
935 3506 979 3566 sq.
1003 3520 1044 3528 --
1069 3485 1202 3546 Eundem
1227 3483 1339 3544 hiatum

165 3577 241 3631 toste
265 3570 400 3648 Ussingio
428 3571 599 3652 Rescriptns
629 3570 747 3633 exlribet
781 3570 812 3632 in
848 3572 903 3632 hoc
935 3588 1036 3633 versu:
1074 3570 1175 3631 Bacch.
1200 3570 1229 3643 3,
1252 3569 1282 3639 5,
1306 3568 1340 3629 2;

163 3653 364 3718 Mnesilochum
385 3666 418 3717 nt
439 3660 585 3738 requiram
603 3656 608 3738 1
626 3667 710 3738 atquc
732 3675 797 3719 eum
820 3675 929 3719 mecum
951 3657 989 3718 ad
1017 3667 1042 3718 te
1072 3655 1215 3717 adducam
1238 3653 1339 3726 simul3

165 3741 216 3802 scd
240 3760 277 3802 ex
299 3740 438 3803 Palatinis
461 3744 636 3804 emendatur
659 3752 741 3824 atque
763 3753 795 3804 ut
817 3761 889 3805 eum.
936 3742 975 3804 lix
1000 3740 1194 3804 hrnhrosiano
1217 3740 1338 3819 corrigi·

165 3834 213 3887 tar
239 3827 328 3887 loen.
355 3828 381 3895 4,
405 3827 433 3900 2,
459 3827 533 3888 449;
562 3828 629 3889 dum
658 3838 682 3890 tc
705 3838 828 3907 expecto,
858 3846 947 3907 neque
974 3845 1022 3907 epo
1044 3845 1166 3907 usquam
1188 3828 1277 3889 aliam
1301 3869 1340 3886 ..

166 3911 268 3986 (ceteri
291 3929 339 3991 epo
363 3911 536 3995 omittunt);
559 3933 592 3975 ex
617 3913 831 3976 recentioribus
854 3913 938 3975 lihris
960 3912 1199 3987 asinando:
1225 3910 1340 3973 abscede

166 4014 231 4077 erpa
249 3995 405 4077 paululum
427 4001 498 4061 istuc
515 4043 546 4060 ..
569 3998 753 4077 -paulum
782 3999 811 4060 in
841 3999 945 4061 Vetere
968 4008 997 4060 et
1020 3998 1158 4060 Vaticano
1181 4006 1261 4059 extat
1283 4014 1341 4066 -;

166 4099 200 4143 es
224 4082 383 4144 decurtato
405 4094 503 4145 autem
526 4091 555 4145 et
571 4085 709 4147 Vaticano
731 4084 906 4147 emendatur
929 4084 1018 4146 l'oen.
1036 4084 1066 4156 3,
1079 4074 1110 4156 'l‚
1127 4083 1182 4145 35;
1204 4081 1340 4164 quidquid

164 4178 205 4229 est
221 4167 422 4248 pausillulum
442 4168 511 4231 illuc
524 4214 531 4229 .
546 4211 573 4239 .‚
598 4170 648 4231 uhi
671 4170 700 4231 in
725 4171 827 4231 Vetere
852 4181 897 4232 est
915 4169 1093 4250 paumillum.

251 4253 337 4315 Plura
362 4255 495 4334 exempla
520 4254 549 4315 in
574 4255 678 4334 quinta
701 4255 859 4335 septenarii
883 4257 953 4317 sede
976 4256 1182 4317 inveniuntur:
1219 4254 1245 4312 l.
1276 4251 1339 4312 dul.

165 4338 193 4418 4,
218 4340 247 4409 9,
271 4336 328 4399 2οε
353 4383 359 4399 .
384 4385 390 4400 .
415 4340 483 4420 quid
504 4358 596 4418 apum,
617 4338 620 4420 1
640 4339 739 4419 edepol
760 4344 861 4412 suessia,
896 4360 984 4421 quem
1016 4357 1134 4401 versum
1167 4338 1256 4398 modo
1286 4337 1338 4396 ad-

164 4424 347 4504 scripsimus.
393 4424 422 4486 2.
446 4425 528 4502 Caph
552 4425 580 4494 4,
606 4425 633 4494 2,
659 4426 713 4486 70:
737 4427 880 4487 suishanc
903 4423 1180 4494 essasisitnndc.
1205 4457 1244 4465 -
1269 4422 1339 4484 Per·

163 4529 226 4571 cam
245 4507 250 4591 1
271 4519 353 4587 atqare
377 4510 593 4590 ophthalmicum
619 4530 679 4570 voc.
701 4528 818 4588 percum
842 4531 894 4591 pro
916 4530 1035 4591 pcrrmm
1059 4509 1173 4571 Brixius
1199 4509 1246 4588 (ia
1269 4509 1337 4568 adm
