3160 5092
653 458 869 521 ..49-

168 635 274 698 vocali:
291 636 319 696 l.
332 633 419 696 l'ruc.
436 632 466 706 2,
479 633 507 707 6,
522 633 667 714 trapam
684 630 689 715 Ι
707 633 800 696 hercle
811 637 896 697 mtaar
907 678 914 694 .
927 679 935 695 .
948 634 1032 697 cuius
1048 654 1113 716 sup.
1130 655 1154 696 c.
1171 635 1344 711 1474444-

167 722 283 783 tionem
311 718 447 783 fecimus.
490 720 524 781 ln
547 719 776 800 -Amphitruone
809 719 971 782 eorundem
1004 720 1148 783 vocalium
1182 738 1344 784 concursus

168 808 261 879 lieret,
284 804 342 867 nisi
364 823 432 868 cum
458 804 621 868 Ritsehelio
649 805 772 884 (Opusc.
789 806 812 866 ll
836 804 897 868 430
909 806 968 884 sq.)
993 809 1239 888 empttrr'potimtem
1270 807 1345 869 scri·

169 890 302 954 bendum
327 899 406 953 esset
429 891 536 970 Amph.
553 890 580 962 3,
598 889 626 961 3,
645 889 698 951 10:
720 889 810 953 hebui
826 887 831 970 Ι
851 894 1098 972 empurpetiouem3
1119 892 1200 972 tuctu
1216 909 1280 973 pau
1295 903 1344 955 eat.

168 1014 209 1024 -
227 976 349 1057 Optume
371 986 420 1038 eat.
444 976 477 1037 ln
502 976 632 1038 Poenulo
649 974 776 1055 denique
792 992 870 1037 unus
891 977 1104 1040 Ambrosianus
1120 978 1238 1039 exhibet
1253 978 1343 1039 Poeu.

168 1064 198 1135 4,
215 1062 245 1133 2,
261 1062 319 1123 50:
343 1062 406 1124 moli
422 1057 428 1144 Ι
446 1062 545 1141 edepol
567 1060 712 1124 decelh'sae
725 1105 733 1122 .
746 1080 774 1135 .;
798 1060 923 1124 Palatini
938 1063 1054 1125 codices
1074 1063 1163 1125 melite
1178 1071 1345 1133 servarunt,

168 1148 248 1228 quod
271 1148 303 1209 iu
327 1153 441 1208 textum
464 1147 649 1226 recipiemus.

255 1232 327 1294 Post
348 1231 470 1294 secundi
497 1231 627 1294 trochaei
655 1231 763 1294 thesim
794 1229 892 1293 hiatus
921 1232 1061 1295 allicitur:
1095 1233 1120 1292 1.
1144 1233 1251 1313 Amph.
1268 1233 1297 1304 2,
1315 1231 1344 1304 2,

170 1318 245 1380 153:
269 1329 300 1381 tu
310 1320 447 1398 peperisti
464 1314 468 1399 Ι
487 1318 733 1398 Amphitruonem,
749 1334 800 1396 epe
816 1317 908 1380 atium
921 1323 1019 1399 peperi
1033 1317 1159 1391 Sesiom3
1175 1338 1235 1380 voc
1253 1318 1344 1380 elium

168 1403 323 1466 viridanti
345 1401 394 1464 alii
417 1402 485 1465 alibi
508 1403 688 1467 inserebant.
720 1404 750 1464 Si
774 1420 842 1465 cum
857 1401 1046 1466 Fleckeisenc
1070 1413 1138 1485 post
1159 1415 1191 1466 tu
1212 1404 1344 1485 ponitur,

168 1489 272 1550 eadem
294 1488 327 1550 iu
350 1487 466 1550 duobus
490 1489 629 1554 membris
662 1488 820 1552 verborum
845 1489 1022 1568 compositio
1046 1508 1106 1552 non
1130 1489 1218 1552 nimis
1241 1492 1344 1570 placet,

167 1574 225 1636 etsi
247 1575 311 1636 cius
334 1574 450 1652 generis
473 1576 605 1656 exempla
629 1590 856 1656 nonnusquam
872 1574 1019 1653 leguntur.
1050 1575 1154 1657 Neque
1171 1595 1239 1639 vero
1254 1574 1345 1653 magis

170 1659 338 1738 Ussingium
368 1659 570 1739 probabimus,
598 1677 665 1722 cum
694 1670 763 1739 post
787 1663 927 1738 peperisti
951 1661 1093 1724 collocare
1122 1661 1246 1723 mavult:
1276 1678 1345 1722 nam

168 1754 229 1807 tres
252 1745 356 1825 dactyli
378 1745 528 1807 rarissime
551 1745 766 1809 continuantur
792 1744 843 1824 (cl.
865 1743 979 1809 Ritsch.
1008 1746 1086 1808 Prol.
1109 1746 1191 1808 Tria.
1215 1766 1242 1826 p.
1261 1744 1345 1821 273),

168 1831 266 1904 Quam
289 1829 327 1893 cb
349 1849 413 1892 rem
436 1831 461 1892 si
483 1848 603 1894 necesse
627 1839 672 1892 cst
693 1831 784 1893 ulium
807 1830 947 1903 addatur,
982 1832 1054 1893 nihil
1076 1832 1265 1911 relinquitur,
1288 1831 1346 1893 nisi

166 1925 201 1979 ut
228 1925 296 1997 post
323 1915 555 1997 Amphitruonem
583 1917 803 1994 interponatur,
832 1916 862 1977 id
893 1916 973 1996 quod
1001 1934 1062 1978 non
1091 1916 1191 1997 inepte
1215 1916 1345 1995 Guyetus

168 2002 239 2064 olim
262 2001 425 2081 proposuit.
471 2000 500 2061 2.
524 2001 581 2063 llil.
599 2005 628 2077 4,
647 2000 675 2073 8,
691 1999 746 2063 20:
776 2021 792 2064 4
824 2004 881 2063 mei
905 2000 1346 2085 444411,Ι444114441444.Ι-

168 2086 300 2158 Obsecro,
331 2096 393 2149 teme
420 2087 583 2161 mulierem
615 2087 790 2150 hitschelius
817 2085 853 2147 N.
878 2106 939 2150 exc.
965 2089 992 2161 1,
1021 2088 1077 2149 114
1105 2090 1231 2150 termam
1260 2087 1347 2149 oculis

167 2172 310 2252 reposuit,
325 2172 577 2252 quemadmodum
594 2174 679 2236 Cure.
696 2172 726 2246 3,
743 2171 798 2246 em
821 2172 930 2235 alteros
947 2183 1014 2253 post
1035 2177 1078 2236 mi
1090 2183 1121 2236 ct
1135 2178 1229 2236 anime
1249 2174 1345 2235 hiatus

168 2277 265 2338 neque
287 2257 318 2318 in
341 2258 397 2319 hcc
418 2256 515 2320 libello
545 2277 641 2339 neque
670 2258 700 2319 in
729 2257 858 2320 editione
888 2258 1063 2321 sollicitavit.
1109 2258 1138 2321 3.
1161 2260 1251 2321 Paeo.
1270 2260 1298 2330 4,
1316 2257 1345 2330 2,

168 2342 227 2405 ab:
254 2346 312 2405 uisi
336 2360 385 2406 ere
411 2361 473 2405 meo
499 2348 554 2407 uui
571 2341 577 2426 Ι
595 2344 734 2407 iudicatae
760 2356 844 2425 etque
872 2347 901 2405 ea·
926 2362 1049 2426 queque,
1078 2355 1111 2407 ut
1137 2363 1173 2407 me
1206 2347 1346 2417 mumiat3

167 2429 328 2491 Muellerus
351 2429 456 2490 suadet
477 2438 511 2490 ut
535 2447 638 2493 vocum
659 2448 721 2492 meo
742 2434 797 2491 urai
809 2430 885 2490 ordo
900 2429 1083 2492 immutetur.
1106 2462 1148 2475 -
1171 2429 1221 2492 llis
1244 2447 1345 2491 erem-

167 2513 225 2595 plis
247 2513 436 2577 adnumerari
459 2525 586 2594 possunt
606 2516 713 2595 Amph.
731 2516 758 2582 1,
776 2514 805 2584 3,
822 2514 876 2576 25:
899 2514 1064 2579 clanculum
1085 2511 1165 2597 obiti
1186 2535 1205 2577 a
1225 2514 1347 2595 bulcem

185 2596 192 2681 Ι
211 2618 327 2680 operam
348 2599 422 2662 huuc
443 2600 575 2682 sutmpm
594 2601 653 2673 tibi,
678 2599 726 2664 ubi
749 2609 849 2662 tamen
873 2600 981 2663 cretica
1005 2620 1058 2663 vox
1081 2601 1245 2663 daramium
1267 2599 1345 2662 haud

168 2685 268 2747 minus
290 2694 371 2748 recte
395 2685 522 2747 vocalem
546 2687 679 2750 ultimam
701 2684 825 2759 retinet;
850 2703 874 2746 v.
899 2685 982 2748 Sem.
1004 2694 1099 2748 contr.
1115 2688 1138 2748 l.
1184 2686 1224 2748 lla
1245 2704 1347 2747 remo-

168 2770 265 2833 rando
289 2781 389 2833 autem
414 2770 493 2833 hiatu
518 2772 596 2834 inter
617 2774 695 2833 viras
718 2771 821 2833 doctos
845 2789 952 2850 magna
976 2771 1122 2834 dissensio
1146 2780 1201 2833 est.
1226 2771 1305 2833 Pars.
1319 2770 1347 2843 2,

168 2855 198 2924 2,
215 2855 274 2917 60:
298 2857 431 2932 (edictum
453 2867 494 2918 eat
515 2875 685 2938 mepunpere
707 2857 786 2930 441111,
808 2875 844 2918 me
867 2861 1021 2938 quoiquam
1039 2854 1044 2940 Ι
1063 2857 1172 2919 homiui
1192 2857 1347 2933 crederem)

169 2940 275 3004 Omuea
301 2946 376 3005 muti
393 2944 397 3023 Ι
417 2952 448 3003 ut
469 2941 652 3023 loqueremtur
662 2945 746 3023 priua
760 2942 913 3022 hecquem
931 2944 936 3025 Ι
956 2961 1016 3022 epo.
1039 2975 1080 2987 -
1102 2943 1138 3004 At
1158 2952 1189 3004 tu
1203 2943 1254 3004 hoc
1267 2944 1347 3022 suem

169 3025 244 3089 nihil
272 3027 384 3090 lacilius
414 3036 461 3089 est
496 3046 584 3108 quam
614 3032 659 3090 uti
684 3027 831 3101 scribere;
861 3047 957 3109 neque
986 3044 1055 3090 vero
1086 3028 1122 3089 de
1148 3038 1180 3089 tu
1212 3035 1348 3107 correpto

170 3113 302 3191 cogitare
328 3112 412 3187 licet,
445 3129 484 3174 ne
512 3114 640 3175 eundem
669 3131 776 3176 sonum
806 3113 893 3174 verba
923 3113 1050 3176 habeant
1072 3131 1161 3194 quern
1183 3113 1215 3174 in
1240 3132 1264 3174 r.
1288 3111 1346 3175 58:

174 3195 341 3279 <edicturm
360 3193 448 3279 mihi)
474 3199 515 3260 Ne
536 3199 588 3261 hec
615 3202 767 3281 quoiquam
789 3199 898 3261 homiui
916 3199 1071 3270 edicerem,
1099 3216 1196 3261 ommes
1224 3202 1298 3260 muti
1316 3207 1349 3260 ut

171 3283 356 3364 demereretur
384 3288 479 3365 pm'us.
523 3284 614 3347 Poen.
632 3283 661 3357 3,
678 3286 708 3359 2,
724 3283 780 3346 37:
803 3289 862 3348 iem
883 3303 961 3347 mum
974 3302 1023 3365 epa
1045 3284 1092 3347 tttt
1109 3284 1113 3366 Ι
1132 3283 1288 3365 epredieuta‘
1297 3329 1304 3344 .
1317 3303 1348 3355 .;

171 3379 223 3431 aut
245 3378 315 3431 ante
336 3380 388 3431 aut
410 3380 476 3451 post
498 3369 543 3432 etta·
564 3370 677 3444 hiatum
699 3371 864 3453 Geppertus
886 3370 932 3433 illi
951 3388 999 3451 epo
1016 3380 1211 3451 transponere
1234 3369 1345 3431 maluit.

170 3454 260 3517 Truc.
276 3454 305 3526 4,
326 3456 352 3527 1,
369 3454 403 3517 3:
426 3456 487 3518 divi
508 3454 621 3537 mopui!
641 3454 645 3538 Ι
664 3466 696 3518 ut
718 3474 767 3536 epo
790 3456 879 3518 144144
900 3474 966 3518 eum
986 3466 1012 3517 et
1027 3454 1135 3517 laetitio
1158 3447 1294 3537 differor!
1316 3454 1348 3515 in

171 3557 232 3619 quo
255 3539 302 3600 rix
324 3549 391 3620 post
413 3541 534 3603 terbum
559 3560 622 3603 eum
643 3541 675 3602 in
698 3559 819 3603 caesura
843 3542 957 3603 vocales
981 3548 1178 3615 concurruut3
1200 3540 1237 3601 cl.
1254 3540 1348 3621 cap.l

171 3630 189 3698 ς
213 3623 263 3685 10.
308 3625 472 3688 Schoelliua
496 3645 563 3688 vero
587 3628 626 3704 Ιν.
650 3627 739 3707 praei.
756 3646 785 3708 p.
802 3625 855 3702 30)
879 3627 1052 3706 particulam
1074 3644 1153 3687 uuuc
1176 3626 1233 3687 huc
1249 3635 1348 3687 trans-

172 3709 241 3772 tulit
264 3728 299 3771 44
321 3711 508 3774 antecedenti
526 3712 688 3785 enuntiato,
712 3713 792 3794 quod
808 3713 851 3775 sic
872 3713 934 3773 lare
959 3711 1097 3774 traditur:
1125 3730 1214 3792 meque
1234 3721 1350 3792 pumma

170 3813 263 3876 meque
274 3801 422 3878 perpetuet
435 3815 562 3879 urbeque
573 3807 664 3877 pateat
678 3800 839 3878 reperimur,
863 3795 940 3870 Quoi
956 3794 961 3878 Ι
980 3815 1117 3877 epomuuc
1135 3792 1224 3880 (out)
1244 3796 1349 3859 dictum

171 3891 223 3942 eut
247 3880 360 3961 fectum
386 3882 488 3945 melius
515 3901 602 3964 quum
635 3883 736 3945 Veneri
764 3884 857 3945 celim
913 3882 998 3944 Prior
1025 3881 1114 3960 igitur
1149 3900 1249 3944 vorsus
1278 3882 1350 3944 nihil

172 3966 253 4028 aliud
277 3968 352 4029 valet
373 3968 431 4029 nisi
452 3985 534 4030 ummo
561 3979 602 4030 eat
628 3972 756 4032 ommium
776 3969 831 4043 rel,
860 3976 892 4030 ut
914 3976 1018 4047 poetae
1050 3967 1145 4029 verbis
1171 3977 1246 4039 utar,
1267 3984 1349 4028 memo

170 4063 258 4115 uetus
284 4062 325 4113 eet
351 4070 441 4134 utque
467 4056 593 4134 reperiri
614 4065 719 4134 pateat,
744 4055 785 4115 ita
820 4053 899 4115 enim
928 4053 1068 4115 nascendi
1096 4053 1219 4115 verbum
1253 4052 1349 4114 dicere

172 4136 316 4200 solebant
366 4137 453 4211 Quod
486 4147 586 4201 autem
622 4139 797 4202 Diniarchus
830 4138 965 4218 ambigua
1000 4144 1071 4200 vace
1103 4137 1208 4201 ludens
1242 4137 1349 4200 subicit

171 4241 262 4303 meque
282 4225 477 4304 praetereatur,
500 4224 559 4286 duc
582 4226 681 4305 ponit,
711 4235 740 4287 et
762 4241 902 4304 praesens
925 4232 955 4285 et
977 4225 1113 4287 loturum
1135 4231 1268 4302 tempus,
1297 4223 1348 4284 sed

174 4325 269 4371 unum
280 4309 386 4382 sentit3
399 4327 469 4371 nam
482 4326 568 4371 mene
579 4310 775 4373 adulescentis
788 4319 850 4373 tota
861 4311 891 4372 in
903 4309 1053 4390 praesenti
1062 4320 1195 4387 tempore
1208 4316 1348 4371 versatur.

173 4393 303 4468 Quodsi
325 4401 378 4465 441,
401 4413 479 4457 murac
494 4412 567 4457 sane
582 4414 670 4477 quam
687 4394 852 4473 sententiae
866 4395 1121 4458 accommodatum
1137 4404 1192 4456 est.
1221 4393 1279 4455 Sed
1303 4396 1350 4456 ri-

174 4479 265 4541 deant
281 4478 437 4542 doctiores.
461 4515 503 4523 -
526 4480 748 4545 habitationem
766 4490 903 4544 movent:
927 4478 1173 4553 Parauaea:
1196 4479 1352 4560 affirmasti

177 4560 182 4645 Ι
202 4564 344 4627 occultare
359 4609 366 4625 .
379 4608 387 4625 .
402 4565 495 4628 Stich.
511 4566 542 4638 4,
559 4567 586 4637 1,
603 4567 658 4628 ta:
674 4570 743 4647 qam
757 4570 864 4629 coecati
881 4568 885 4648 Ι
909 4565 1051 4627 hommem
1068 4563 1107 4627 cd
1124 4562 1246 4626 ceueml
1264 4610 1271 4626 .
1289 4611 1296 4625 .
1311 4566 1349 4627 ibi

1172 4668 1190 4719 A
