3160 5092
730 407 950 471 -18-

642 625 672 687 7.
706 624 752 688 lle
776 635 946 690 extremo
969 645 1036 689 am.

334 748 394 812 Hae
416 759 486 812 sunt
509 749 732 830 monosyllabae
756 769 843 813 voces
865 751 896 814 in
919 753 1036 832 longam
1061 752 1189 816 vocalem
1209 753 1253 816 vel
1276 753 1308 815 in
1333 752 1423 835 dipb-

248 835 391 914 thongum
415 835 567 906 cadentem
596 854 675 898 nunc
697 855 746 898 eas
768 837 1005 911 consideremus,
1035 857 1111 919 quae
1141 856 1171 899 m
1194 855 1324 900 consona
1352 838 1423 900 lini-

248 928 349 983 untur.
387 921 473 983 lianc
492 919 584 999 igitur
606 921 733 984 litteram
758 922 866 984 uocalis
888 942 903 985 a
927 925 1078 1003 praecedit
1100 925 1131 986 in
1154 923 1250 986 tribus
1272 923 1421 987 vocabulis

247 1008 311 1087 ress,
328 1024 397 1069 acra
419 1025 515 1088 prom

331 1089 395 1154 lom
420 1109 482 1154 non
512 1091 707 1154 coniunctum
736 1092 781 1154 bis
803 1094 947 1174 exeurplie
974 1093 1160 1156 defenditur:
1190 1094 1254 1156 dul.
1278 1092 1307 1166 2,
1330 1093 1360 1167 3,
1385 1095 1420 1156 7:

246 1188 331 1259 cipue
351 1177 467 1240 occlude
489 1179 575 1240 aeta.
599 1180 659 1239 iem
677 1174 683 1257 Ι
701 1195 750 1257 epo
769 1174 774 1258 Ι
793 1177 838 1240 loir
860 1179 957 1241 odeo.
977 1215 1018 1224 —
1044 1179 1122 1253 Quid
1142 1198 1192 1259 epo
1212 1198 1290 1242 num
1311 1176 1421 1260 epm?

246 1263 421 1343 Spengclius
445 1262 551 1337 (Plaut.
574 1281 604 1343 p.
627 1261 702 1335 223)
726 1263 772 1324 vis
795 1271 873 1324 recte
895 1264 1033 1327 occludite
1055 1265 1143 1327 scribi
1166 1264 1258 1338 iubat,
1280 1265 1419 1328 Goetzins

247 1367 316 1410 cum
348 1348 464 1430 Guyeto
499 1349 669 1428 transponit
701 1359 784 1430 arque
817 1348 895 1411 cedis
926 1349 1041 1414 occlude
1064 1395 1104 1411 ..
1138 1352 1221 1430 Capt.
1251 1350 1279 1419 3,
1311 1352 1341 1424 5,
1364 1350 1418 1412 91:

244 1437 366 1514 perditi,
398 1438 434 1496 rsi
459 1433 535 1497 burso
562 1438 623 1495 ium
642 1432 647 1516 Ι
666 1454 682 1497 e
704 1445 853 1516 cooperto
874 1434 1028 1509 obductum
1063 1436 1146 1517 Epid.
1170 1436 1200 1510 5,
1223 1435 1253 1508 2,
1277 1435 1312 1497 3:
1342 1447 1419 1508 torm

246 1522 307 1582 siae
339 1521 424 1583 modo
456 1538 501 1582 ore
532 1520 674 1582 bominem
709 1523 807 1600 apisci.
832 1555 871 1565 -
894 1520 964 1584 Dico
996 1540 1046 1603 epo
1078 1523 1129 1584 tibi
1154 1525 1222 1593 ium,
1242 1520 1247 1605 Ι
1266 1532 1300 1583 att
1327 1525 1416 1592 subm·

246 1604 366 1668 initium
382 1624 485 1669 sersus
500 1604 640 1667 Goetzins
661 1606 794 1668 restituit
815 1623 870 1686 pro
892 1617 953 1669 turs
974 1610 1014 1669 air
1034 1606 1117 1670 modo
1138 1611 1198 1669 riae
1220 1625 1265 1669 ase
1286 1652 1294 1669 .
1312 1605 1418 1670 .Trin.

247 1691 277 1765 2,
299 1690 329 1762 4,
355 1691 434 1754 181:
459 1686 548 1775 (coz)
574 1701 606 1752 tu
626 1693 699 1754 mec
720 1709 793 1753 carc
815 1692 891 1773 puori
911 1696 999 1755 ioasi:
1020 1711 1070 1773 epo
1091 1691 1237 1775 romilio
1259 1711 1327 1766 ero;
1354 1692 1417 1753 ilit-

247 1776 378 1840 scbelius
400 1778 472 1839 satis
495 1776 620 1839 moleste
642 1787 668 1838 te
690 1785 758 1839 ante
779 1780 851 1840 mesi
875 1778 964 1840 addit.
993 1777 1080 1840 Truc.
1110 1778 1140 1850 2,
1169 1778 1199 1852 6,
1228 1779 1285 1839 57:
1317 1774 1414 1858 periil

246 1861 338 1925 letale
360 1865 459 1925 miser:
489 1865 549 1925 iera
569 1859 574 1944 Ι
592 1880 666 1924 euro
688 1872 789 1925 contro
810 1872 918 1925 condat
944 1863 1038 1944 filimi
1070 1864 1218 1944 Spengelii
1248 1863 1416 1925 coniectura

246 1947 410 2011 croicbclco
432 1958 532 2010 corma
553 1957 680 2027 uterque
703 1948 800 2010 hiatus
822 1948 899 2010 baud
921 1948 1159 2028 improbabiliter
1174 1948 1305 2022 tollitur3
1328 1957 1416 2029 atque

249 2034 278 2095 in
301 2032 409 2095 inbutis
433 2042 464 2095 et
486 2033 542 2095 boc
563 2042 593 2095 et
622 2033 692 2095 illud
723 2034 876 2096 invenitur
898 2034 948 2110 (ci.
973 2032 1038 2096 [iss.
1061 2035 1096 2097 ad
1121 2035 1205 2096 Cure
1230 2033 1315 2107 201).
1359 2033 1416 2095 Sed

245 2117 294 2180 illa
315 2119 459 2181 orationis
482 2119 596 2181 vanitas
619 2119 711 2180 milite
735 2118 853 2196 dignior
875 2128 929 2189 eet,
958 2137 1048 2200 quarn
1077 2127 1110 2181 ut
1131 2120 1169 2181 ali
1193 2138 1228 2180 ua
1259 2137 1327 2199 pars
1350 2117 1417 2180 inde

245 2203 429 2266 detrahetur.
474 2203 588 2266 Gceteii
618 2222 688 2266 vero
718 2204 864 2285 scriptura
888 2208 966 2284 perii
994 2205 1088 2268 bercle
1112 2138 1200 2288 ΙοΙΙΙ
1224 2208 1327 2266 rader:
1360 2207 1418 2265 icas

249 2285 327 2371 (sai)
352 2307 427 2352 utro
449 2335 457 2351 .
482 2334 489 2349 .
512 2289 718 2370 probabilitate
741 2299 829 2351 caret
873 2290 961 2351 Truc.
985 2290 1014 2363 2,
1043 2290 1072 2361 7,
1096 2292 1133 2351 bl
1160 2298 1190 2351 et
1212 2289 1268 2351 52:
1299 2289 1418 2351 salem

245 2393 339 2438 uorem
360 2375 434 2438 udde
456 2376 541 2438 istie:
575 2378 636 2437 idm
655 2371 660 2457 Ι
678 2374 771 2438 bareis
789 2373 794 2455 Ι
813 2376 863 2455 ipo
892 2385 920 2437 te
945 2376 989 2437 bic
1015 2376 1068 2439 buc
1096 2377 1204 2458 cpdtim
1227 2375 1352 2456 opipara.
1376 2408 1417 2419 -

249 2457 341 2542 Triope
362 2461 462 2523 modo:
496 2463 556 2523 iom
575 2457 580 2541 Ι
599 2461 648 2541 ipo
667 2459 672 2540 Ι
691 2461 733 2523 bic
763 2478 871 2542 mcum
891 2461 1000 2539 sidem
1022 2471 1049 2524 et
1069 2463 1194 2524 mediam
1216 2460 1416 2529 coruscabo:

246 2546 279 2607 in
301 2547 400 2627 priore
422 2564 508 2608 versu
538 2545 675 2608 facillime
702 2564 770 2608 cum
795 2546 953 2627 Spengelio
974 2550 1033 2610 som
1057 2548 1231 2628 duplicatur.
1270 2546 1303 2607 ln
1325 2546 1417 2607 altero

246 2632 325 2694 mem
343 2632 387 2695 rir
409 2634 515 2695 doctus
536 2632 589 2694 bor
612 2640 679 2712 post
699 2630 745 2695 lic
766 2632 945 2701 inserueram
969 2632 1048 2711 quod
1069 2651 1137 2694 cum
1160 2633 1303 2694 caducum
1320 2632 1360 2693 sit
1374 2664 1416 2678 -

246 2738 273 2779 v.
297 2717 435 2780 Schoellii
458 2718 560 2779 adnot.
582 2751 633 2787 --,
661 2726 763 2798 postea
785 2717 835 2795 (de
857 2735 914 2779 em.
940 2727 1025 2779 metr.
1048 2737 1077 2798 p.
1111 2717 1187 2796 425)
1215 2736 1321 2798 opacos
1351 2712 1414 2801 (te)

245 2805 355 2886 semum
388 2804 413 2866 ei
448 2804 568 2884 placuit.
612 2803 649 2864 Et
670 2802 728 2865 boc
750 2802 838 2864 habet
866 2821 927 2883 quo
956 2822 988 2864 se
1016 2804 1220 2872 commendata
1252 2802 1283 2863 id
1315 2810 1416 2864 tamen

247 2889 309 2951 lieri
325 2889 404 2951 nulla
426 2888 542 2951 ratione
564 2894 673 2969 potest,
696 2896 730 2949 ut
745 2887 892 2969 anapaesti
909 2906 1011 2949 versus
1026 2889 1095 2951 sint.
1110 2924 1153 2935 —
1168 2888 1415 2951 bdnumeraudns

246 2986 302 3046 est,
331 2973 388 3037 nisi
409 2973 487 3035 forte
508 2973 558 3036 obi
578 2973 609 3036 in
632 2973 795 3053 posteriorc
817 2972 924 3055 syllaba
948 2992 1053 3036 acuam
1076 2974 1178 3043 mavis,
1208 2992 1233 3034 v.
1257 2971 1362 3053 dmpb.
1390 2973 1416 3045 l,

242 3058 277 3128 «3,
300 3059 357 3121 45:
380 3077 487 3134 sumus,
510 3059 694 3140 amplarum
722 3058 838 3121 lucescit
859 3059 909 3121 loe
930 3061 997 3122 mm.
1021 3094 1062 3105 -
1084 3058 1140 3121 Abi
1157 3077 1239 3140 pree,
1261 3057 1352 3120 Sosia.
1375 3091 1416 3101 -

246 3145 340 3206 Porro
368 3145 483 3207 duobus
513 3144 584 3206 locis
618 3144 711 3206 codex
739 3145 820 3206 diter
850 3144 1007 3207 Camerarii
1036 3145 1140 3206 tradit:
1169 3144 1225 3205 llil.
1250 3144 1280 3215 4,
1308 3144 1336 3215 9,
1363 3143 1415 3203 1t:

245 3234 324 3312 praes
351 3228 410 3292 allio
438 3249 467 3292 sc
496 3227 584 3308 iuml
609 3229 745 3310 inpedivit
773 3234 803 3291 irs
840 3229 957 3310 plepem
998 3229 1078 3292 Pers.
1112 3236 1140 3303 l,
1171 3228 1199 3301 3,
1242 3230 1295 3290 ll:
1337 3232 1417 3293 iam}

246 3317 418 3397 adiuturum
435 3361 443 3376 .
460 3335 485 3387 .;
507 3316 559 3377 sed
575 3315 607 3377 iu
626 3314 728 3376 Vetere
743 3325 816 3377 sunt
829 3334 887 3377 sese
902 3315 1031 3395 (illicere)
1046 3324 1076 3376 et
1090 3320 1150 3377 iom
1164 3314 1209 3377 bic
1223 3315 1286 3395 odi.
1314 3314 1416 3395 Neque

245 3402 330 3463 aliter
357 3401 389 3463 in
413 3402 544 3463 Poenulo
567 3399 780 3463 Ambrosianus
803 3401 931 3471 dilidam,
960 3401 1050 3463 ceteri
1079 3419 1146 3462 cum
1169 3401 1252 3461 biatu
1275 3400 1414 3461 adierunt

247 3486 338 3550 Poen.
361 3486 390 3559 2,
414 3488 492 3549 iba:
517 3486 643 3567 colaphis
663 3484 778 3567 quidem
799 3486 892 3548 bercia
914 3495 992 3548 tuom
1014 3490 1072 3548 ium
1093 3484 1096 3566 Ι
1116 3485 1221 3547 elidam
1243 3496 1336 3565 caput.

331 3573 462 3635 Alterum
487 3570 662 3634 vocabulum
686 3590 755 3633 nem
781 3572 893 3633 hiatum
923 3572 1028 3651 recipit
1058 3572 1122 3633 dul.
1146 3574 1174 3645 4,
1198 3574 1227 3644 5,
1258 3569 1294 3631 3;
1321 3566 1415 3650 ocati

244 3656 289 3720 bic
309 3661 367 3720 tbm
388 3676 447 3719 ooo
470 3657 583 3720 audebit
605 3674 712 3719 aarum
733 3657 917 3731 abstrudere3
947 3656 1031 3736 Epiri.
1057 3659 1084 3729 1,
1111 3658 1137 3727 1,
1159 3656 1215 3718 48:
1239 3674 1292 3717 oce
1313 3658 1415 3717 misero

245 3734 333 3805 mibi!
354 3743 429 3804 mole
441 3743 567 3823 perdidit
580 3736 644 3805 soc!
658 3778 698 3786 -
716 3742 793 3815 Quid
806 3740 900 3805 istuc?
922 3742 1059 3822 quiriacae
1077 3740 1082 3821 Ι
1102 3738 1165 3804 cst?
1187 3740 1266 3803 Men.
1286 3741 1313 3813 1,
1338 3743 1364 3811 l,
1381 3739 1415 3799 6:

244 3847 315 3890 acm
333 3825 337 3908 Ι
357 3828 467 3890 bomini
486 3832 588 3891 meiero
609 3832 636 3890 si
657 3827 695 3889 cd
721 3827 831 3889 mulum
859 3827 967 3891 accedit
992 3828 1103 3890 molum
1124 3826 1218 3889 Maior
1247 3826 1343 3888 lubido
1377 3835 1417 3886 cst

243 3914 345 3995 sarpere
368 3958 375 3974 .
400 3957 407 3974 .
430 3911 560 3974 Muelleri
582 3933 649 3975 nom
676 3909 763 3996 (loc)
793 3913 903 3975 bomini
934 3913 1111 3975 deteriorem
1140 3912 1210 3974 iacit
1239 3912 1416 3982 orationem,

244 3999 315 4080 qnia
337 3998 452 4061 dativus
474 3998 583 4061 bomini
602 4003 705 4062 misem
729 4016 789 4061 non
812 4000 909 4061 solum
940 4018 1008 4061 cum
1039 3999 1188 4060 sententia
1217 3995 1414 4058 condicionali

244 4084 271 4147 si
285 4130 293 4145 .
312 4129 318 4145 .
336 4084 451 4155 accedit,
474 4103 576 4146 verum
593 4085 679 4146 etiam
696 4104 764 4148 cum
781 4084 919 4166 primaria
936 4084 1084 4147 sententia
1100 4088 1194 4145 maior
1209 4080 1306 4144 lubido
1322 4092 1362 4143 est
1381 4126 1389 4142 .
1407 4125 1415 4141 .

244 4170 432 4251 coprdandus
454 4179 509 4231 est.
553 4168 631 4231 Men.
655 4169 684 4242 2,
713 4170 741 4239 2,
769 4170 823 4232 18:
859 4188 927 4232 acm
946 4168 952 4252 Ι
971 4171 1098 4252 equidem
1124 4173 1260 4231 insanum
1279 4163 1284 4250 Ι
1303 4185 1361 4228 esse
1389 4176 1415 4228 ta

245 4258 418 4331 corruerim
445 4255 505 4317 ldil.
528 4252 559 4328 2,
580 4256 610 4327 4,
634 4255 667 4314 7:
697 4256 825 4335 duperia
846 4255 980 4318 omnibus
1001 4254 1164 4335 patibulum
1186 4272 1271 4336 quom
1292 4251 1414 4313 babilis.

244 4375 286 4384 —
302 4339 469 4413 Quemnam
489 4339 494 4419 Ι
514 4339 547 4401 cb
561 4336 645 4401 rem?
660 4338 742 4401 Pers.
758 4340 788 4412 2,
805 4340 833 4411 3,
855 4341 911 4401 14;
934 4359 1004 4401 com
1022 4336 1027 4421 Ι
1047 4339 1078 4400 id
1093 4342 1207 4402 demum
1222 4337 1347 4419 lepidium
1364 4347 1414 4409 est,

244 4429 385 4505 triparcos
405 4426 558 4504 [domimi
582 4423 698 4496 vitulos,
721 4426 828 4499 cnidos,
851 4427 958 4498 midos,
981 4444 1069 4506 quem
1095 4444 1214 4487 versum
1237 4422 1414 4486 llitscbelius

244 4530 298 4591 pro
320 4511 490 4592 septenario
514 4510 663 4573 trochaico
686 4510 808 4590 accipit3
832 4509 897 4590 ipse
918 4511 955 4572 ab
978 4512 1035 4573 boc
1057 4530 1142 4572 versu
1166 4507 1306 4572 iambicos
1329 4517 1415 4569 octo—
