3160 5092
722 406 855 476 ..82
903 440 943 452 ..

244 580 330 663 Epid.
344 583 370 651 l,
386 583 414 655 1,
427 580 480 645 87:
495 601 620 663 aequant
638 580 643 665 Ι
662 583 744 646 lamo
763 581 768 666 Ι
788 602 825 657 es,
841 583 973 663 Epidico,
989 582 1163 663 Spengelius
1179 592 1268 662 atque
1284 579 1417 642 editores

245 686 300 748 pro
321 667 448 730 dimetro
470 670 577 731 cretico
600 669 756 750 accipiunt.
788 670 823 730 lit
839 687 942 730 versus
964 688 981 730 a
1000 668 1041 729 79
1057 669 1093 730 ad
1109 666 1149 729 86
1165 665 1323 748 compositi
1344 676 1418 728 aunt

245 772 281 815 ex
303 753 437 815 dimetria
460 754 576 816 creticis
598 763 627 816 et
649 754 827 834 septenariis
848 752 1005 816 trochaicis
1028 753 1077 835 qni
1101 753 1220 815 alternis
1236 752 1351 814 vicibus
1366 769 1417 812 aa·

246 858 279 900 se
301 839 460 919 excipiunt.
497 839 554 901 Sed
577 859 644 901 curn
668 840 811 902 dimetrcs
834 839 984 919 praemitti
1009 840 1040 901 in
1063 847 1165 919 aperto
1187 839 1226 900 sit
1249 842 1288 913 (v.
1306 837 1417 917 Speng.

246 924 338 986 Plaut
364 924 423 986 165
438 927 507 1006 sq.),
529 944 546 986 a
568 944 656 989 versu
678 924 717 986 87
742 926 908 989 trochaicae
932 925 1075 986 dimetrcs
1097 923 1229 1004 incipere
1251 922 1325 985 mibi
1348 940 1418 1003 per-

246 1027 367 1073 suasum
388 1017 443 1073 est.

333 1221 428 1301 Atque
450 1220 524 1283 baec
546 1226 618 1282 sunt
640 1221 771 1301 exempla
794 1240 829 1282 ex
845 1220 1048 1302 septendecim
1070 1220 1165 1283 Plauti
1181 1220 1287 1282 fabulis
1304 1219 1418 1293 collata,

247 1305 298 1367 ubi
320 1305 516 1387 polysyllabae
539 1324 625 1367 voces
648 1307 733 1386 longa
757 1307 847 1369 vocali
863 1306 908 1368 vel
933 1325 962 1368 m
985 1306 1082 1368 littera
1106 1307 1207 1368 finitae
1229 1306 1260 1367 in
1282 1306 1358 1368 thesi
1379 1306 1420 1368 ita

249 1391 398 1453 vocalibus
422 1391 614 1471 excipiantur,
638 1401 672 1453 ut
687 1392 816 1454 vocalem
840 1400 1001 1454 extremam
1018 1392 1173 1454 retineant.
1204 1391 1315 1453 Eorum
1330 1391 1421 1471 igitur

248 1477 342 1539 multa
370 1476 514 1538 incisione
544 1476 674 1554 legitima
702 1484 753 1539 aut
780 1495 907 1558 persona
938 1486 1050 1540 mutata
1080 1478 1198 1539 delendi
1222 1495 1308 1558 posse
1329 1494 1419 1557 supra

251 1562 395 1624 diximus:
427 1562 478 1623 sed
502 1561 572 1642 quid
596 1560 714 1624 cetera?
742 1563 982 1624 emendentnrne
1005 1572 1037 1624 ut
1059 1571 1199 1644 corrupta
1221 1581 1343 1624 necesse
1366 1571 1421 1635 est,

250 1647 500 1728 quemadmodum
531 1646 567 1709 ab
590 1647 749 1709 llitschclio
780 1646 901 1728 aliisque
924 1649 1031 1710 criticis
1061 1644 1318 1711 emendabantur?
1350 1646 1422 1708 illibi

250 1732 368 1813 quidem
383 1742 646 1814 -praeterquam
669 1733 747 1813 quod
771 1733 942 1814 saepissime
965 1742 1199 1815 corrumpuntur
1222 1751 1335 1806 versus,
1359 1751 1421 1794 non

251 1818 441 1898 corriguntur
464 1835 589 1879 -non
612 1819 700 1879 modo
723 1836 786 1880 non
808 1818 969 1901 probabile,
1004 1837 1106 1881 verum
1136 1820 1224 1881 etiam
1249 1837 1421 1900 perversum
1532 1836 1536 1843 ’

251 1904 366 1965 videtur
397 1912 457 1965 mm
491 1903 626 1965 infinitos
654 1912 683 1965 et
714 1912 775 1966 tam
805 1922 890 1985 pares
913 1904 1045 1965 eiusdem
1069 1905 1186 1984 generis
1208 1907 1287 1967 locos
1311 1904 1422 1966 nullam

250 1989 336 2052 aliam
359 1989 397 2050 ob
421 2007 537 2050 causam
562 1997 744 2051 commutare
768 1990 850 2062 velle,
874 2008 963 2070 quarn
986 1990 1064 2070 quod
1080 1990 1222 2051 vocalium
1244 2008 1422 2052 concursum

252 2074 402 2157 praebent.
448 2075 543 2155 Atque
566 2074 635 2136 satis
659 2076 768 2137 multos
791 2094 892 2137 versus
915 2075 953 2137 ita
978 2085 1163 2156 comparatos
1194 2094 1259 2136 esse
1286 2074 1421 2137 ostendi·

254 2179 330 2232 mus,
354 2169 386 2221 ut
409 2159 505 2220 hiatus
529 2159 752 2240 expellerenlsi
775 2179 842 2222 cum
868 2178 975 2240 magno
999 2160 1141 2222 orationis
1164 2159 1340 2222 detrimento
1357 2180 1422 2223 cm-

251 2245 323 2307 nino
346 2262 407 2306 ncn
423 2243 516 2306 liceat.
549 2244 667 2306 accedit
682 2246 779 2318 ctiam,
803 2247 882 2326 qnod
898 2245 929 2306 in
946 2246 1127 2325 corrigendis
1143 2246 1266 2324 singulis
1281 2247 1422 2327 exemplis

253 2331 327 2392 alius
350 2329 469 2391 criticus
491 2330 570 2391 aliud
594 2329 765 2392 coniectura
787 2340 939 2393 assecutus
963 2342 1023 2402 est3
1057 2331 1129 2411 quin
1162 2331 1224 2411 ipse
1246 2331 1422 2394 Ritscbelius

253 2433 469 2496 saepenumero
504 2434 598 2477 unum
632 2417 821 2497 eundemque
853 2417 1065 2478 locumvariis
1096 2417 1192 2478 modis
1221 2416 1309 2479 scribi
1337 2435 1424 2498 posse

255 2503 344 2582 plane
367 2501 532 2562 confitetur.
563 2503 661 2580 Atque
684 2501 739 2563 bac
760 2503 950 2581 potissimum
973 2520 1005 2564 rc
1027 2502 1090 2564 lieri
1113 2502 1211 2576 debet,
1234 2510 1266 2564 ut
1288 2502 1423 2563 traditam

255 2586 431 2666 scripturam
456 2587 613 2648 immutare
635 2587 717 2648 valde
741 2586 929 2649 dubitemus:
963 2606 1032 2649 narn
1067 2587 1137 2668 quid
1167 2587 1247 2649 iuvat
1276 2596 1328 2649 aut
1354 2586 1424 2668 qnid

254 2672 376 2755 prodest
397 2671 474 2733 scire
497 2672 603 2751 quibus
627 2671 790 2733 rationibus
812 2692 914 2735 versus
936 2672 1089 2754 potuerint
1111 2693 1125 2734 a
1148 2681 1236 2755 pocta
1264 2668 1426 2752 componi?

256 2758 351 2818 lmmc
364 2776 423 2837 quc
436 2757 528 2836 magis
541 2757 652 2818 licitum
666 2766 712 2818 cst
725 2758 803 2820 varie
819 2759 956 2830 formare,
975 2778 1009 2820 ec
1034 2758 1126 2837 magis
1148 2758 1291 2819 librorum
1311 2776 1426 2819 merno-

256 2843 316 2904 riae
333 2840 505 2903 babebimus
529 2843 676 2904 rationein
700 2844 974 2923 consideratiusquc
996 2844 1026 2905 in
1048 2843 1201 2905 reiciendo
1224 2844 1425 2905 iudicabimus.

342 2927 379 2987 Et
403 2926 479 2989 idem
503 2927 559 2988 boc
581 2927 759 2989 liitschelius
782 2947 861 2990 anno
883 2929 913 2990 b.
936 2948 961 2990 s.
984 2928 1113 2991 LXVllll
1135 2929 1329 3001 intellexerat,
1358 2946 1426 2989 cum

258 3013 290 3074 in
312 3012 403 3073 Novis
426 3013 598 3075 excursibus
620 3010 764 3075 Plautinis
787 3033 815 3093 p.
842 3013 902 3075 tau
925 3034 968 3094 sq.
996 3014 1054 3075 lroc
1076 3015 1138 3075 lere
1162 3015 1279 3087 diceret,
1302 3030 1427 3094 pravum

257 3116 324 3159 esse
355 3097 538 3178 minimeque
564 3099 721 3160 ferendum
749 3098 872 3179 posthac
899 3099 1004 3160 eodem
1032 3101 1120 3162 modo
1149 3119 1208 3179 quc
1236 3107 1304 3159 ante
1334 3107 1427 3159 artem

258 3182 390 3244 criticam
413 3183 443 3243 in
468 3182 562 3245 Plauti
585 3183 692 3246 fabulis
715 3184 856 3247 exerceri.
901 3185 963 3246 Hac
995 3184 1085 3262 igitur
1119 3186 1155 3245 de
1187 3203 1274 3245 causa
1308 3183 1358 3246 ille
1386 3184 1429 3244 vir

259 3269 361 3330 doctus
384 3268 414 3328 in
438 3268 570 3330 tollendo
595 3269 676 3331 biatu
700 3288 764 3331 cam
788 3270 864 3331 viam
889 3271 1038 3351 ingressus
1054 3276 1108 3342 est,
1131 3279 1164 3331 ut
1179 3269 1326 3330 obsoletas
1344 3288 1429 3330 vcca-

259 3354 397 3416 bulcrum
422 3356 531 3415 turmas
562 3353 593 3414 in
621 3354 735 3416 fabulas
767 3355 915 3418 Plautinas
942 3356 1157 3417 introduceret:
1192 3363 1222 3415 et
1255 3372 1345 3433 saepe
1378 3353 1429 3415 tali

258 3439 373 3501 ratione
395 3438 508 3501 hiatum
533 3439 631 3520 specie
654 3440 774 3520 quidem
791 3440 873 3502 valde
896 3439 1089 3521 probabiliter
1111 3439 1227 3500 exemit.
1257 3439 1323 3500 Huc
1345 3457 1430 3519 spec-

261 3532 325 3585 tant
347 3558 389 3566 —
411 3532 444 3584 ut
465 3523 592 3586 lomenti
613 3525 761 3588 lamonem
782 3524 924 3591 homones,
952 3527 1018 3588 cudi
1037 3524 1134 3595 cunda,
1166 3524 1285 3595 taceae,
1307 3527 1433 3595 struitur,

258 3609 317 3670 illic
347 3609 493 3683 dativum,
527 3611 725 3672 nominativus
753 3611 879 3674 alternas
908 3611 1041 3692 vcrpr‘lr‘oc
1068 3612 1103 3671 al.
1133 3610 1323 3683 omittamus,
1358 3628 1431 3690 quas

259 3693 371 3755 formas
406 3695 563 3756 maximam
599 3695 708 3757 babere
742 3696 956 3758 dubitationem
986 3713 1074 3777 supra
1101 3695 1370 3757 demonstravimus
1391 3728 1433 3739 -

261 3795 366 3839 omnes
388 3778 454 3839 illae
475 3779 596 3850 formae,
630 3800 702 3862 quas
732 3782 830 3843 addito
855 3782 871 3842 d
895 3781 1027 3842 restituit
1053 3788 1104 3842 aut
1129 3781 1187 3842 sibi
1218 3780 1312 3842 linxit.
1358 3780 1432 3841 Nam

262 3864 349 3925 certis
372 3862 515 3924 librorum
538 3866 717 3945 scriptorum
742 3866 920 3929 testimoniis
942 3867 971 3928 id
994 3874 1109 3928 tantuna
1134 3874 1260 3938 constat,
1296 3866 1432 3927 Plautum

261 3950 326 4011 med
353 3948 400 4010 ted
428 3957 458 4009 ct
485 3947 626 4012 ablativos
655 3962 685 4012 et
713 3952 893 4012 accusativos
924 3952 1031 4013 dixisse
1054 3956 1092 4026 (v.
1116 3969 1205 4031 supra
1228 3969 1289 4031 cap.
1315 3950 1368 4025 15
1394 3951 1432 4026 l).

263 4034 346 4107 Quod
370 4044 470 4095 autem
493 4034 672 4097 llitschelius
695 4037 851 4098 nominum
875 4037 1130 4098 substantivorum
1161 4045 1192 4097 ct
1220 4035 1431 4097 adiectivornm

263 4119 394 4181 ablativis
418 4117 437 4179 d
459 4119 648 4199 adiungebat,
681 4140 713 4183 ca
747 4122 919 4183 testimonia
952 4141 1028 4202 quae
1058 4141 1092 4183 ex
1114 4122 1178 4202 ipso
1201 4121 1306 4183 Plauto
1330 4121 1433 4189 adfert,

263 4205 371 4266 cctotcd
393 4213 423 4265 et
445 4205 538 4267 dictcd
559 4206 605 4281 (N.
630 4225 690 4268 exc.
716 4209 744 4278 t,
767 4207 808 4268 59
830 4214 899 4287 aql,
932 4226 949 4268 a
982 4208 1160 4269 conlecturis
1183 4207 1314 4288 profecta
1344 4215 1433 4286 atque

264 4308 352 4368 quam
376 4289 504 4350 maxime
527 4289 624 4364 dubia,
647 4310 684 4352 nc
706 4292 801 4353 dicam
816 4292 887 4353 falsa
904 4290 1025 4367 sunt¹l3
1047 4293 1099 4353 scd
1115 4310 1182 4353 cum
1197 4293 1274 4371 apud
1291 4290 1432 4352 Naevium

267 4375 380 4451 legatur
404 4373 510 4436 Troiad
531 4385 562 4437 et
583 4376 613 4436 in
637 4375 881 4457 inscriptionibus
903 4378 1032 4438 eiusdem
1056 4378 1158 4438 aetatis
1185 4393 1432 4456 nonnumquam

333 4512 354 4577 ¹)
372 4528 396 4562 v.
418 4513 507 4576 Bergk.
518 4513 604 4585 Syriai.
616 4513 647 4564 ad
660 4528 763 4577 granni.
775 4513 805 4565 L.
815 4512 825 4564 l
834 4514 868 4564 64
877 4530 922 4580 sq„
933 4514 965 4565 67
973 4530 1025 4580 rq.;
1044 4513 1131 4566 noan.
1142 4514 1228 4581 Snppl.
1238 4529 1306 4579 praa.
1316 4529 1341 4580 p.
1354 4514 1387 4564 74
1397 4528 1432 4578 sq.
