3160 5092
670 446 893 519 „35-

192 632 311 706 eremit,
335 651 403 695 cum
426 642 509 714 utque
530 632 690 707 insererem
713 634 751 694 ct.
775 632 866 695 Stich.
892 633 919 704 1,
943 630 971 705 2,
995 629 1052 704 97;
1075 630 1112 692 de
1134 629 1226 693 altero
1249 648 1274 691 v.
1297 647 1362 712 cap.

192 718 298 793 tat.
320 752 362 765 —
385 718 478 781 Porro
512 718 544 779 in
576 718 724 781 codicibus
757 719 830 780 baec
862 716 1051 780 exhibentur:
1085 716 1170 778 Curc.
1199 716 1228 790 5,
1250 715 1281 789 2,
1304 715 1361 778 30:

189 805 280 875 esus,
303 823 415 885 pomo,
434 801 438 886 Ι
457 814 491 865 ut
510 803 582 865 mibi
602 804 689 878 dicus,
716 804 792 866 ends
818 803 904 866 illum
928 802 1191 872 dulcescentem
1223 800 1309 863 llost.
1333 803 1363 872 5,

190 888 221 965 2,
238 891 293 952 5οι
315 893 394 953 mitte
414 907 517 970 quaeso
535 888 539 970 Ι
558 892 652 952 utum.
677 922 718 932 -
744 890 833 951 Vides
853 899 887 950 ut
906 892 936 952 η’
952 884 1040 972 <mus
1061 885 1118 970 cd)
1136 897 1192 950 out
1212 882 1363 969 furcifer?

192 976 285 1038 Stich.
308 975 339 1049 4,
362 977 390 1046 1,
413 974 471 1036 to:
499 977 561 1055 quis
582 978 663 1045 555,
697 970 821 1056 quaeso?
840 971 845 1056 Ι
865 993 904 1036 uu
924 974 974 1037 dle
995 976 1079 1056 quusi
1098 970 1169 1053 cpe?
1190 1005 1232 1016 -
1255 970 1284 1033 le
1304 975 1363 1052 ipre

191 1065 276 1143 quest
295 1071 337 1122 tu.
372 1054 472 1143 (tum)
497 1078 600 1135 seneen
627 1059 714 1122 'lruc
738 1062 768 1134 5,
791 1059 845 1122 od:
872 1064 885 1122 i
904 1064 980 1122 555
1002 1059 1113 1131 amobe,
1133 1056 1138 1138 Ι
1157 1067 1184 1120 ct
1203 1067 1236 1121 tu
1257 1072 1323 1137 erpo
1345 1073 1365 1118 u

191 1165 251 1209 me:
272 1158 338 1227 poet
358 1156 390 1208 tu
411 1150 468 1208 eris
489 1162 598 1207 mecum
620 1145 746 1226 quidem
776 1144 864 1206 llere.
889 1145 918 1220 2,
940 1146 970 1220 4,
993 1142 1050 1205 2οε
1076 1142 1221 1206 'debiliore
1242 1142 1340 1215 oredo,
1359 1138 1366 1225 Ι

190 1249 300 1294 ossum
320 1242 353 1293 ut
374 1231 445 1293 mibi
463 1230 517 1302 det,
539 1229 643 1293 Hector
664 1234 715 1311 peti
733 1249 874 1311 supensus
887 1233 958 1311 sutt3
982 1232 1089 1293 horum
1112 1228 1227 1291 nullum
1250 1227 1363 1289 hiatum

190 1335 314 1399 prorsus
337 1325 450 1380 certum
473 1334 539 1378 esse
561 1315 701 1379 lubenter
723 1316 862 1378 concedo.
909 1316 985 1378 Nam
1015 1315 1046 1377 in
1077 1313 1254 1377 Curculione
1282 1313 1363 1375 nullo

190 1403 309 1483 negotio
330 1406 376 1464 uti
394 1401 569 1482 reponimus
587 1434 626 1446 -
641 1420 717 1482 quae
738 1401 867 1464 editores
889 1402 1055 1475 voluerunt,
1079 1399 1199 1462 minime
1214 1398 1363 1463 laudo—.

190 1487 384 1550 Mostellariae
405 1505 524 1549 versum
546 1506 582 1548 ex
604 1486 731 1567 Ussingii
760 1488 929 1550 coniectura
958 1485 1184 1567 adscripsimus3
1216 1484 1249 1546 in
1281 1483 1366 1546 libris

191 1574 271 1636 iusto
299 1572 417 1636 brevior
443 1573 584 1635 traditur:
612 1616 620 1634 .
648 1618 655 1633 .
681 1574 764 1636 viden
791 1573 900 1653 (uident
925 1573 955 1634 in
980 1566 1092 1643 Vetere,
1121 1571 1200 1633 unde
1226 1568 1312 1631 viden
1332 1579 1366 1632 tu

191 1658 359 1738 Ussingius)
381 1669 415 1721 st
439 1667 527 1721 restat
545 1658 682 1740 scruter.
727 1659 762 1720 ln
792 1659 881 1729 tertio
908 1659 996 1720 etiam
1019 1656 1195 1719 Ritschelius
1218 1655 1364 1717 vocalium

191 1761 368 1806 concursum
393 1743 533 1816 admittit,
554 1762 622 1806 cum
640 1762 725 1806 voces
747 1762 787 1806 cst
801 1744 851 1806 ille
873 1745 978 1806 eodem
996 1742 1086 1806 modo
1100 1740 1274 1821 tribrachyn
1297 1758 1364 1802 esse

192 1838 284 1911 putat,
307 1848 367 1910 qno
388 1828 484 1891 tribus
507 1827 640 1891 versibus
662 1838 732 1891 ante
754 1833 816 1911 puls
836 1825 1010 1892 51555513
1032 1831 1072 1891 dn
1085 1826 1134 1890 dle
1149 1830 1233 1910 quom
1245 1823 1300 1888 tui
1315 1869 1323 1887 .
1341 1846 1364 1901 .;

192 1915 329 1978 Goetzius
352 1924 451 1977 autem
474 1915 608 1978 voculam
630 1914 679 1977 ille
700 1915 822 1977 tertium
847 1916 952 1995 pedem
967 1915 1085 1976 efficere
1100 1913 1252 1994 significat.
1283 1912 1364 1972 ldem

191 2002 235 2062 vir
257 2002 360 2063 doctus
381 2001 413 2063 in
434 2000 596 2062 Mercatore
622 2000 777 2063 dimetitur
806 2001 905 2073 ordio,
938 2017 1045 2063 aarum
1071 2001 1105 2061 dt
1132 1998 1203 2060 csibl
1230 1998 1284 2059 det.
1330 1997 1364 2058 ln

190 2086 374 2149 Truculento
408 2085 537 2166 denique
561 2086 725 2148 Scboellius
758 2095 826 2165 epte
859 2085 908 2148 obt·
934 2094 1000 2166 post
1026 2103 1093 2166 erpo
1120 2083 1234 2146 inserit.
1279 2081 1365 2156 Quae

191 2190 259 2235 cum
282 2171 322 2234 ita
345 2171 414 2245 sint,
435 2189 595 2251 possumus
618 2171 655 2232 de
677 2171 760 2233 hiatu
775 2171 922 2246 dubitere3
945 2171 995 2233 sed
1013 2164 1274 2232 dubimbimusnst
1303 2168 1365 2246 ligo

191 2257 311 2338 qnidam
335 2257 432 2320 solum
446 2256 619 2319 Truculenti
636 2274 753 2318 versum
769 2256 800 2318 in
817 2258 916 2319 medio
932 2274 1056 2337 ponam3
1078 2262 1177 2318 cetera
1198 2255 1331 2334 exempla
1340 2250 1368 2333 1Ι

191 2344 264 2406 adeo
286 2342 391 2405 similia
413 2350 493 2416 sunt,
527 2352 561 2404 ut
583 2341 680 2404 bintus
702 2342 782 2404 inter
803 2361 836 2404 se
857 2341 1026 2405 delendam.
1049 2373 1092 2388 -
1113 2340 1179 2402 Non
1202 2339 1275 2402 nihil
1296 2356 1367 2401 sane

191 2428 322 2510 scrupuli
354 2428 483 2490 iniciunt
504 2427 546 2490 bi
579 2429 648 2489 loci:
681 2427 768 2489 llost.
797 2430 826 2502 5,
854 2430 878 2501 1,
902 2426 956 2490 db:
990 2432 1050 2490 lom
1076 2422 1199 2506 515551
1217 2428 1312 2505 ipsam
1340 2434 1368 2487 et

190 2532 314 2586 sermm,
338 2515 481 2594 comissas,
505 2513 694 2587 sommum
727 2531 789 2575 voc.
811 2531 927 2575 tormen
949 2513 1023 2576 nibil
1045 2530 1110 2574 esse
1133 2510 1290 2589 Ussingius
1309 2528 1366 2571 er-

193 2600 315 2672 istimat‚
337 2618 436 2679 neque
457 2599 517 2660 ullo
533 2598 590 2661 alio
606 2601 670 2661 loco
686 2606 778 2672 extrt3
801 2607 881 2660 recte
896 2599 987 2678 igitur
1001 2616 1069 2660 cum
1087 2596 1193 2677 Pylade
1209 2594 1365 2674 Ussingins

191 2685 353 2748 Loremius
384 2694 530 2746 sarmento
562 2684 699 2747 ridentur
727 2683 889 2765 scripsisse.
933 2683 1021 2747 Truc.
1050 2685 1079 2756 2,
1110 2685 1139 2757 5,
1175 2679 1228 2744 13;
1262 2681 1292 2742 id
1323 2679 1371 2742 illi

191 2773 302 2845 morbo,
321 2769 325 2852 Ι
344 2771 375 2832 id
395 2770 441 2832 ills·
459 2774 545 2844 sento,
566 2767 571 2852 Ι
590 2789 625 2832 en
645 2767 691 2831 tlb'
713 2773 820 2832 misero
846 2772 1002 2845 55555,
1034 2769 1065 2831 in
1096 2785 1156 2848 qno
1185 2766 1232 2828 rix
1264 2765 1294 2827 td
1319 2764 1369 2827 llb‘

192 2861 278 2930 unio,
299 2873 334 2919 eo
354 2854 402 2917 uta·
416 2900 423 2915 .
439 2899 447 2915 .
463 2855 720 2937 pronuntiandum
743 2872 833 2936 supra
858 2855 1001 2929 vidimos3
1024 2853 1153 2917 editores
1176 2851 1221 2913 bis
1241 2851 1365 2914 verbum

191 2953 232 3004 est
251 2941 441 3013 addiderunt,
469 2940 548 3021 quod
570 2939 735 3021 posteriore
757 2939 823 3002 loco
844 2940 961 3002 codices
984 2938 1154 3011 deteriores,
1182 2954 1243 3000 non
1266 2938 1365 3010 Vetus,

192 3026 341 3089 exhibent.
384 3026 473 3088 Truc.
496 3030 526 3096 5,
550 3026 609 3087 25;
637 3026 686 3088 sed
707 3043 802 3089 eccam
822 3026 916 3088 uidem
942 3024 947 3106 Ι
970 3026 1048 3098 buu,
1082 3027 1183 3098 amics,
1215 3023 1367 3104 quidsuis

193 3109 311 3190 [stilluli'
333 3146 373 3157 —
398 3110 471 3183 Qus's
491 3111 550 3173 illic
574 3107 652 3195 (est)
683 3108 789 3174 bomo?
820 3111 898 3174 mille
925 3110 1101 3191 Spengelius
1130 3108 1251 3182 delevit;
1283 3108 1366 3170 aliter

191 3199 307 3260 Brixiae
322 3215 442 3259 versum
457 3198 665 3259 conformavit:
684 3240 691 3256 .
709 3241 716 3257 .
731 3198 813 3260 video
827 3201 964 3259 amicam:
980 3197 1057 3269 bees,
1073 3196 1141 3276 quid
1155 3198 1224 3274 opr’s,
1239 3189 1368 3256 551553

193 3282 266 3356 Quis
288 3327 295 3344 .
318 3326 326 3342 .
349 3315 391 3328 -
413 3282 456 3344 Er
483 3283 605 3364 optimis
631 3279 715 3344 libris
744 3283 941 3345 emendantur
962 3281 1046 3345 bloet.
1069 3281 1103 3353 4,·
1122 3279 1152 3352 2,
1175 3278 1233 3341 34:
1263 3295 1365 3361 puers,

190 3369 235 3431 lu'c
256 3385 339 3431 mmo
358 3364 362 3448 Ι
381 3368 490 3432 dubitet
511 3411 519 3428 .
543 3412 561 3441 .‚
583 3367 634 3429 ubi
657 3366 871 3430 Ambrosianus
890 3385 988 3448 puere,
1017 3383 1100 3430 semo
1120 3365 1164 3427 55
1185 3363 1293 3427 dubitat
1315 3408 1323 3424 .
1346 3408 1364 3435 .,

192 3454 283 3517 Stich.
310 3456 338 3524 1,
361 3451 389 3525 2,
414 3453 465 3527 22,
494 3453 544 3515 ubi
568 3462 596 3515 et
619 3453 709 3515 Vetus
730 3462 761 3514 et
782 3453 996 3515 Ambrosianus
1018 3450 1178 3522 comendo,
1209 3448 1289 3512 baud
1310 3450 1367 3512 od·

190 3539 333 3603 pereundo
357 3583 364 3598 .
388 3584 395 3600 .
418 3539 550 3612 tradunt,
574 3556 641 3599 cum
663 3536 741 3600 bocd
762 3538 794 3600 in
816 3537 937 3619 reliquis
959 3538 1041 3599 libris
1063 3555 1131 3598 essu
1155 3534 1300 3597 omissum
1316 3535 1364 3597 sit.

276 3626 373 3705 Atque
400 3633 434 3686 nt
462 3624 498 3687 ad
528 3622 647 3686 tertiam
676 3623 837 3703 septenarii
865 3623 965 3685 sedem
993 3621 1163 3692 veniamus,
1193 3618 1272 3682 bisce
1294 3620 1365 3682 locis

191 3711 279 3773 verbe
309 3728 414 3790 aspere
443 3719 639 3772 concurrunt:
671 3709 699 3769 1.
723 3709 804 3771 Asin.
824 3708 853 3781 2,
870 3707 899 3781 2,
917 3709 971 3770 97:
999 3712 1033 3769 ui
1048 3704 1054 3789 Ι
1072 3706 1152 3770 bodie
1178 3706 1339 3787 Arpyrs‘ppo
1358 3701 1363 3786 Ι

190 3808 281 3860 essem
306 3800 411 3876 vipints'
434 3799 548 3877 erpetui
578 3798 690 3868 minum
722 3795 774 3874 qui
805 3812 909 3857 versus
939 3793 996 3856 alio
1025 3792 1235 3856 vocabulorum
1259 3790 1365 3853 ordine

191 3882 329 3962 componi
353 3891 473 3962 poteret
494 3899 510 3942 a
534 3889 637 3961 poeta,
666 3879 747 3940 velut
769 3898 858 3959 quem
883 3878 1005 3959 Pylades
1029 3878 1185 3961 proposuit
1207 3878 1367 3958 drpyrsppo

189 3972 294 4046 oiptms’
312 3979 404 4031 esrem
424 3984 487 4047 cry.
504 4011 536 4028 ..
558 3966 603 4027 vel
627 3963 836 4027 Fleckeiscnus
861 3965 1022 4045 Arpyrtppo
1052 3967 1165 4045 arpenti
1181 3960 1186 4044 Ι
1205 3971 1295 4025 essem
1309 3965 1364 4042 cip.

190 4071 244 4126 m.;
268 4071 372 4117 verum
387 4053 484 4133 aptior
497 4050 654 4130 veriorque
668 4051 844 4132 compositio
867 4068 956 4129 quam
974 4067 1050 4131 quae
1066 4050 1209 4112 librorum
1223 4045 1364 4109 memoria

190 4139 337 4218 proditur,
359 4138 439 4201 nulla
462 4143 561 4217 potest
582 4134 715 4216 reperiri.
761 4135 788 4197 2.
813 4135 878 4197 dol.
896 4135 924 4202 3.
941 4134 969 4208 3,
988 4136 1023 4197 1:
1050 4136 1101 4198 bec
1123 4133 1234 4216 puidam
1259 4130 1362 4203 bercle,

190 4241 302 4305 quoquo
321 4223 325 4307 Ι
344 4224 400 4297 ido,
420 4240 531 4286 mecum
552 4223 615 4295 erit,
637 4238 747 4283 mesum
772 4222 882 4301 serum3
911 4220 1090 4283 llitscbelius
1113 4220 1159 4300 (N.
1184 4237 1246 4280 exc.
1264 4218 1292 4290 1,
1309 4215 1363 4296 80)

191 4308 322 4390 mequod
341 4309 468 4372 formam
488 4306 582 4380 linxit,
605 4305 746 4386 Berglrius
770 4305 886 4386 (symb.
902 4325 931 4387 p.
948 4306 1002 4386 tc)
1024 4305 1129 4369 suadet
1152 4312 1185 4366 ut
1206 4319 1364 4385 quoquosa-

259 4509 281 4628 13
297 4518 374 4577 etque
386 4510 511 4562 accedunt
521 4508 586 4560 alins
605 4503 672 4556 bles.
685 4505 710 4568 5,
723 4503 748 4568 2,
761 4504 809 4569 983
828 4504 906 4558 llere
920 4506 945 4569 3,
959 4508 982 4568 1,
993 4507 1040 4568 41;
1058 4501 1174 4566 515554,
1186 4502 1211 4567 3,
1223 4502 1271 4562 tta
1289 4502 1363 4554 Coro.

191 4576 215 4641 2,
227 4578 252 4643 3,
281 4578 306 4644 9,
325 4578 351 4630 in
369 4578 459 4644 quibus
474 4593 542 4632 vers.
557 4571 660 4628 ‘amabo’
680 4580 707 4624 ct
719 4572 844 4626 ‘obsecro'
858 4576 957 4639 integra
976 4580 1090 4636 menent3
1109 4570 1141 4624 ci.
1153 4572 1243 4639 Spenp.
1256 4569 1373 4627 352215·

1170 4657 1206 4714 3*
