3160 5092
739 412 956 475 *42*

261 600 288 653 et
310 590 428 664 bocum
452 608 520 653 cum
533 596 595 653 tres
616 587 649 651 in
671 589 718 652 bis
740 588 858 653 duobus
873 588 1008 653 versibus
1024 588 1121 653 hiatus
1136 589 1253 652 codices
1268 588 1437 665 exhibeant,
1555 606 1556 673 Ι

260 674 408 739 Acidalius
431 694 447 737 a
470 675 692 757 transponendo
714 674 888 740 medicinam
912 675 1032 759 patirih
1054 675 1236 739 Ritschelius
1252 674 1284 738 in
1306 675 1437 756 priorem
1555 680 1556 729 l

260 779 378 825 rusum
409 781 475 825 cum
498 760 643 825 revocarit
661 781 696 825 ex
718 780 744 822 v.
758 762 815 837 15,
838 770 868 825 at
889 762 971 826 hunc
991 761 1091 843 ipsum
1113 761 1279 825 haidendo
1300 760 1437 824 addendo

260 847 301 909 ita
324 847 474 911 formavit:
496 851 585 911 ciuem
606 859 633 910 ct
653 848 765 929 fidelem
780 866 837 910 esre
859 858 885 910 et
907 849 1011 911 bouum
1035 845 1082 932 (et
1093 848 1179 929 trapi
1189 841 1316 930 meet).
1339 846 1437 928 Atque

259 933 453 997 haecomnia
476 934 588 997 nullam
611 932 698 995 aliam
722 933 762 995 oh
783 951 901 997 caumm
923 933 1062 1006 instituit,
1085 932 1144 994 nisi
1161 940 1195 994 ut
1216 932 1312 995 hiatus
1334 950 1435 995 remo·

249 1014 353 1081 reret.
397 1018 499 1100 Neque
522 1020 622 1082 minus
645 1019 703 1081 huc
724 1017 872 1082 referendi
896 1019 969 1082 mibi
991 1018 1130 1081 ridentur
1151 1017 1256 1081 Bacch.
1278 1018 1332 1097 irg.
1358 1038 1383 1080 r.
1400 1018 1436 1092 63

260 1104 350 1171 Poan.
368 1103 397 1177 3,
412 1103 443 1179 5,
458 1105 517 1180 4θ;
538 1104 630 1169 Poea.
646 1104 677 1178 5,
693 1105 721 1177 3,
740 1103 793 1176 13,
821 1104 853 1167 in
886 1104 994 1185 quibus
1015 1114 1084 1185 post
1106 1107 1157 1186 qur·
1177 1113 1206 1165 et
1229 1121 1313 1187 quom
1336 1103 1436 1166 minus

259 1188 337 1251 bena
365 1189 439 1252 hiari
467 1208 532 1270 sup.
556 1208 619 1270 cap.
635 1190 648 1251 Ι
662 1189 716 1266 32
738 1197 768 1251 et
790 1190 810 1252 9
833 1188 969 1252 diximus.
1000 1188 1104 1251 -lle
1135 1189 1337 1270 compluribus
1364 1189 1435 1253 locis

260 1283 375 1338 certmu
401 1274 526 1339 inveniri
555 1275 674 1356 nequit:
700 1275 786 1337 Most.
803 1275 833 1352 2,
849 1273 878 1348 2,
894 1274 928 1336 2:
956 1292 1041 1357 parom
1066 1294 1112 1338 me
1139 1278 1261 1338 ambisti
1286 1294 1305 1338 n
1330 1284 1356 1338 tc
1385 1280 1435 1338 urta

258 1365 352 1424 mucra
371 1361 465 1435 modo,
487 1360 537 1423 uhi
561 1360 735 1423 Ritschelius
760 1361 806 1437 (N.
822 1378 884 1423 exc.
904 1362 932 1434 1,
948 1360 1002 1440 49)
1017 1359 1067 1422 alii
1080 1359 1146 1423 arrad
1158 1369 1323 1442 reponunt,
1344 1360 1433 1422 Peon.

260 1446 290 1521 3,
306 1446 337 1519 3,
352 1445 409 1509 38:
432 1456 516 1527 ctpuc
536 1450 622 1509 mum
644 1466 659 1509 e
681 1449 752 1509 coci
770 1456 922 1510 muratam
936 1450 1082 1521 cancris,
1104 1444 1155 1509 ubi
1177 1454 1229 1509 aut
1249 1445 1281 1509 in
1304 1446 1434 1509 secunda

259 1531 363 1594 autin
385 1533 471 1594 tertia
492 1531 564 1593 seda
586 1549 646 1595 non
670 1531 798 1601 eliditur,
821 1531 878 1595 nisi
900 1537 993 1597 istunc
1015 1531 1219 1595 inducendum
1243 1539 1297 1594 ast.
1332 1531 1434 1595 blalius

257 1618 289 1680 in
312 1626 414 1698 quarta
437 1616 507 1680 aede
529 1617 605 1680 hiari
619 1617 727 1680 Pseud.
746 1617 772 1691 1,
788 1617 819 1690 5,
838 1615 897 1679 118
918 1617 996 1681 inira
1011 1616 1184 1680 videbimus.
1215 1616 1249 1679 lu
1266 1615 1434 1680 coniectura

259 1703 389 1785 positum
413 1710 458 1764 est
480 1705 557 1783 quod
586 1703 617 1766 in
639 1702 817 1765 Trinummo
844 1702 1017 1765 exhibetur:
1040 1702 1123 1765 Trin.
1138 1704 1168 1775 4,
1183 1703 1214 1773 4,
1233 1702 1286 1766 16:
1309 1702 1383 1765 nobil
1396 1712 1436 1764 ert

259 1792 360 1852 merci
380 1785 386 1869 Ι
405 1788 536 1852 ambulo:
567 1800 694 1853 actutum
720 1788 797 1863 rede}
830 1807 899 1850 uam
928 1792 1023 1852 merci
1046 1806 1101 1869 pro
1132 1787 1266 1851 codicum
1291 1787 1435 1851 memoria
1555 1820 1556 1865 t

258 1878 381 1938 morach·
399 1873 548 1956 Gepperto
570 1874 714 1955 Seyfferto
737 1873 871 1948 debetur,
892 1893 961 1937 cum
977 1874 1122 1938 Gruterus
1143 1891 1250 1938 merca
1273 1877 1294 1946 i,
1315 1873 1435 1937 trosti·
1555 1868 1556 1961 J

260 1959 405 2024 tuendum
429 1959 596 2040 suspicatus
618 1960 666 2023 sit.
691 1995 731 2005 --
753 1959 808 2022 dlii
830 1977 934 2023 versus
958 1960 989 2022 in
1012 1961 1069 2023 boc
1083 1976 1210 2022 numero
1229 1957 1359 2022 habendi
1373 1977 1434 2021 non

259 2055 349 2118 aunt;
379 2063 505 2126 quorum
532 2054 593 2109 tres
620 2045 701 2108 solus
728 2044 902 2126 Rescriptus
933 2045 1048 2109 hiulcos
1068 2043 1179 2108 adfert:
1201 2043 1292 2108 blera.
1308 2044 1338 2119 3,
1354 2044 1385 2117 2,
1403 2046 1434 2105 l:

259 2131 374 2194 tandem
401 2134 555 2211 morcui,
575 2127 581 2214 Ι
600 2140 706 2212 apuam
731 2149 778 2194 arc
806 2142 839 2193 ut
867 2147 1094 2212 mrraarrpcrm
1121 2129 1214 2192 Poen.
1229 2131 1259 2205 5,
1271 2129 1302 2202 2,
1318 2131 1355 2191 4.·
1387 2149 1436 2194 eor

259 2212 396 2299 liberali!
416 2217 530 2281 adures
565 2235 652 2280 carue
678 2234 783 2290 mcum
816 2215 908 2280 Sticb.
927 2219 954 2288 1,
972 2217 1002 2287 3,
1021 2216 1093 2279 tua:
1126 2226 1251 2279 cctam
1277 2215 1399 2298 reliqui:
1428 2213 1433 2298 Ι
1555 2196 1556 2261 3

258 2320 353 2366 ccccm
374 2320 445 2383 puae
466 2303 543 2365 dicut
565 2300 665 2376 ‘cedo’3
689 2311 720 2364 at
741 2301 771 2364 in
794 2302 891 2382 primo
913 2301 1075 2384 simplicius
1097 2301 1274 2382 planiusque
1298 2310 1344 2363 est
1366 2319 1435 2364 cum

259 2387 399 2451 Palatinis
427 2397 459 2449 ut
484 2397 591 2468 epomd
616 2406 661 2450 cuc
689 2404 817 2467 ponere;
841 2387 873 2449 in
900 2386 1021 2469 reliquis
1047 2386 1138 2449 iidem
1172 2386 1287 2449 codices
1320 2390 1381 2449 ium
1406 2394 1436 2449 et

257 2472 339 2535 ellum
361 2471 443 2554 (post
464 2472 572 2554 ccccm)
593 2479 795 2535 serraverunt.
825 2472 868 2534 nr
890 2472 1088 2535 Ambrosiano
1102 2472 1302 2551 corriguntur,
1326 2472 1436 2553 quippo

258 2558 291 2620 in
315 2576 374 2639 quo
397 2558 519 2639 pluralis
540 2574 685 2621 numerus
707 2558 783 2631 illa'r,
814 2557 863 2639 qui
891 2558 1058 2621 necessario
1082 2557 1264 2638 requiritur,
1293 2557 1436 2632 tradatur,

258 2652 287 2707 et
308 2654 349 2708 est
369 2655 468 2708 actem
489 2651 713 2723 transponatur:
742 2643 835 2706 Poan.
850 2644 880 2717 5,
896 2643 925 2717 3,
942 2641 998 2707 43;
1015 2688 1047 2706 ..
1070 2661 1168 2706 comare
1188 2642 1236 2705 dh
1251 2640 1257 2725 Ι
1276 2642 1390 2705 obvium
1404 2687 1434 2704 ..

258 2738 287 2791 et
309 2728 400 2792 Poem
417 2729 448 2800 5,
465 2729 495 2803 5,
510 2728 567 2790 27:
588 2729 657 2810 quid
677 2730 728 2791 tabi
746 2732 842 2810 nepoti
858 2725 864 2811 Ι
883 2740 977 2792 cutam
999 2741 1039 2794 est
1053 2747 1118 2792 cum
1132 2724 1227 2791 uteri
1239 2772 1266 2789 ..
1289 2726 1322 2789 ln
1344 2727 1435 2791 llilite

257 2814 384 2893 glorioso
423 2813 504 2877 solus
538 2814 714 2877 decurtatus
747 2814 835 2876 habat
869 2813 973 2889 11112,
992 2815 1023 2885 6,
1041 2816 1096 2877 15:
1130 2832 1224 2876 cuam
1256 2810 1433 2896 ludificari(

257 2900 394 2980 hospitam
417 2909 483 2962 crete
505 2901 583 2963 cedis
604 2897 710 2963 aaut
740 2899 828 2962 ceteri
850 2918 955 2963 omnes
977 2909 1058 2962 recte
1079 2899 1262 2981 ludificandis·
1282 2899 1436 2980 praebent.

257 2985 321 3047 Alia
345 2985 381 3047 de
404 3003 500 3057 causa,
523 2986 603 3066 quod
624 3004 661 3049 rae
683 2985 924 3063 interrogativum
948 2985 1040 3058 deest,
1063 2985 1162 3049 hiatus
1183 2983 1325 3047 eximitur
1346 2984 1433 3047 llost.

259 3071 287 3144 1,
305 3072 332 3143 1,
348 3069 405 3131 59:
427 3087 525 3133 eructa
546 3071 648 3133 dmurr'
665 3068 669 3152 Ι
688 3074 764 3141 ertia,
787 3070 877 3133 dulus
899 3073 975 3150 quod
994 3067 1116 3152 smum?
1153 3069 1286 3148 lienique
1308 3070 1340 3132 in
1362 3089 1435 3150 sup·

257 3156 354 3236 posito
377 3154 502 3218 Poenuli
518 3155 597 3218 exitu
612 3156 719 3235 legitur
734 3154 824 3217 Poen.
840 3156 869 3230 5,
886 3157 915 3228 7,
932 3155 966 3218 3:
989 3153 1098 3237 tetipitl
1119 3173 1197 3217 rrucc
1206 3146 1300 3236 perii!
1317 3151 1323 3235 Ι
1361 3156 1435 3218 uada

256 3241 309 3304 boe
327 3244 479 3322 perterreat
500 3238 614 3321 domui),

345 3327 382 3389 llt
403 3325 520 3388 iambici
543 3326 652 3388 senarii
668 3344 744 3406 quos
761 3325 850 3388 modo
867 3325 1051 3389 laudavimus
1067 3324 1287 3406 semiquinaria,
1309 3326 1348 3388 ita
1363 3325 1434 3404 legi·

257 3411 330 3475 tima
352 3411 498 3475 incisione
520 3411 720 3475 defenduntur
742 3412 772 3473 hi
787 3411 947 3490 septenarii
968 3411 1123 3474 trochaici:
1145 3411 1253 3491 Amph.
1272 3411 1434 3482 1,1,134;

258 3497 326 3578 quid
347 3497 427 3577 opud
447 3497 529 3560 heroe
550 3497 627 3560 cadri
647 3500 742 3577 nepoti
758 3492 764 3578 Ι
782 3507 823 3559 ert
844 3493 916 3559 trbr‘l
939 3531 981 3540 —-
1004 3496 1096 3558 latmo
1117 3496 1185 3578 quid
1206 3493 1302 3558 ridebo?
1327 3496 1434 3576 Amph.

260 3583 287 3651 1,
307 3585 332 3654 1,
350 3581 428 3644 2733
451 3583 540 3646 cudae
554 3593 617 3645 erct
631 3586 707 3655 vich
729 3581 795 3644 iude
810 3582 919 3662 inpleri
935 3577 940 3665 Ι
958 3582 1097 3645 buccam.
1113 3616 1149 3627 —
1171 3580 1434 3661 representatum
1555 3612 1556 3615 ¹

257 3666 339 3729 hein.
356 3667 386 3739 2,
403 3668 432 3739 2,
449 3669 506 3730 54;
538 3672 565 3730 si
589 3673 672 3732 iatum
698 3667 902 3748 hamtudr'ncm
928 3671 1020 3730 animi
1037 3664 1042 3748 Ι
1061 3670 1185 3747 cptirrcs,
1213 3666 1290 3729 eclut‘
1320 3685 1434 3740 rumam
1555 3698 1556 3753 Ι

256 3749 383 3824 Asina,
403 3754 429 3825 1,
448 3752 500 3813 tt:
523 3765 550 3817 et
571 3772 664 3816 mecm
687 3763 801 3834 parturn
830 3750 983 3834 loquendi!
1003 3762 1030 3814 et
1054 3763 1135 3815 tuom
1157 3751 1240 3814 trado
1262 3752 1326 3827 aba
1353 3752 1432 3814 hsin.
1555 3782 1556 3825 Ι

257 3838 286 3910 5,
302 3836 332 3910 3,
348 3838 384 3898 5:
406 3856 484 3899 cunc
505 3843 532 3900 sr'
550 3839 633 3902 cultis
648 3839 797 3918 deprecmr'
814 3835 819 3921 Ι
837 3838 902 3900 huic
917 3842 980 3900 mni
998 3857 1035 3900 ne
1049 3837 1178 3918 capulata
1200 3837 1264 3899 dul.
1282 3836 1311 3909 2,
1328 3836 1358 3909 2,
1376 3838 1433 3898 74;
1555 3842 1556 3911 Ι

255 3923 339 3989 uideo
360 3922 455 3986 hercle
476 3941 524 4004 cpe
546 3934 572 3986 te
593 3942 638 3986 mc
661 3923 810 3996 arbitrari,
830 3919 834 4002 Ι
853 3923 964 3997 Euclio,
986 3923 1128 3986 hanutum
1153 3923 1299 3995 idoneum
1328 3922 1432 3985 Bacch.

257 4008 332 4082 3,6,
351 4008 389 4069 15
419 4010 459 4084 (r.
482 4009 569 4088 capl
592 4010 673 4084 §1l3
706 4009 787 4088 Capt.
804 4009 833 4081 2,
849 4007 878 4080 3,
895 4008 951 4071 78:
974 4011 1042 4072 acite
1063 4019 1088 4071 te
1109 4007 1175 4070 hinc
1195 4011 1280 4070 enims
1310 4012 1412 4088 viatici
1428 4005 1432 4086 Ι
1555 4000 1556 4021 ’

257 4104 449 4157 aestumatum
486 4098 606 4168 mittier3
639 4095 718 4175 Capu
741 4094 770 4159 4.
786 4093 816 4167 2,
832 4094 888 4157 66:
917 4094 1002 4157 iudan
1029 4112 1069 4156 uu
1098 4112 1157 4156 nnn
1182 4093 1260 4155 richer
1290 4087 1432 4173 adstituil

257 4180 349 4251 culce,
371 4182 484 4261 pulchar
505 4177 586 4242 eluti
608 4179 689 4258 Capu.
706 4180 735 4250 4,
753 4180 781 4251 2,
798 4178 853 4243 81:
875 4198 947 4243 cccc
968 4180 1021 4242 tibi
1038 4197 1116 4260 pure
1139 4180 1282 4258 adparari
1299 4178 1303 4258 Ι
1323 4178 1361 4240 ud
1373 4195 1434 4239 rem

258 4266 384 4329 dhrincru
406 4269 473 4339 cito;
496 4264 574 4327 Men.
590 4263 619 4338 2,
636 4264 665 4338 3,
678 4264 735 4328 80:
769 4266 857 4328 habco
874 4266 1028 4345 praedam:
1059 4275 1173 4329 tautum
1199 4269 1292 4345 incepi
1309 4260 1313 4347 Ι
1333 4267 1433 4344 operes

257 4355 270 4412 r'
292 4362 431 4432 puccium
451 4361 542 4433 potera
563 4350 642 4414 Men.
658 4351 688 4425 5,
704 4351 733 4424 2,
748 4350 806 4415 28;
835 4355 927 4414 nomio
954 4352 1023 4432 quid
1049 4369 1098 4412 cca
1119 4349 1230 4412 velitati
1246 4347 1251 4430 Ι
1270 4354 1334 4411 adh
1358 4351 1433 4410 ubter

256 4454 306 4498 coa
329 4438 402 4511 duc;
424 4436 500 4501 Men.
517 4441 546 4511 5,
561 4440 590 4512 5,
606 4439 658 4500 15:
690 4455 750 4499 nec
766 4447 857 4517 potest
884 4436 951 4499 burc
978 4453 1024 4498 res
1051 4436 1169 4498 ellebori
1186 4432 1190 4515 Ι
1209 4438 1335 4514 unpuinc
1361 4435 1431 4513 cpti-

255 4525 368 4598 ccrt‘crr
396 4528 519 4604 uambae
548 4523 753 4586 Lachmannus
784 4521 929 4596 restituit3
957 4521 989 4582 in
1017 4520 1099 4583 libris
1127 4519 1283 4582 exhibetur
1308 4523 1432 4600 ahupcrc,
