3160 5092
655 433 871 496 ..57-

178 609 281 673 incisio
304 609 433 688 legitima
457 621 487 671 et
510 610 591 674 linita
615 610 709 673 oratio
732 620 916 691 congruuut3
941 611 1079 691 idemque
1096 610 1200 673 accidit
1223 610 1252 671 in
1276 611 1353 671 444-

178 696 233 758 bus
256 695 449 777 septenariis:
472 694 608 770 1114444,
631 695 660 771 2,
685 696 740 757 344
774 715 861 759 suren
892 697 935 759 bie
967 697 1151 759 elleborosust
1186 707 1267 759 certe.
1288 695 1293 779 Ι
1314 731 1353 740 -

177 781 269 845 Eccos
293 800 436 862 pervorse,
461 791 563 861 poter:
591 781 672 843 Pers.
697 782 726 854 4,
750 780 778 852 3,
802 783 861 844 77:
888 791 933 845 sot
959 782 1056 863 edepol
1083 786 1248 845 concinnast
1270 783 1352 864 socie

196 866 200 950 Ι
219 902 262 913 --
288 867 323 930 llt
338 870 516 946 contemptim
532 870 685 948 carnosos,
710 867 766 928 nisi
788 868 865 930 44444
881 868 1007 950 priorem
1025 886 1091 931 cum
1109 867 1246 930 Muellaro
1263 867 1354 929 mavis

178 956 275 1033 legere
292 997 325 1014 ..
348 952 522 1015 elleboriten
544 953 585 1014 let
605 964 679 1016 certe
695 997 726 1013 ..
752 952 905 1017 Praeterea
934 963 1003 1034 post
1033 954 1153 1016 tertium
1182 952 1353 1017 trochaeum

177 1057 304 1120 persona
329 1047 461 1102 mutatur
482 1037 541 1100 Mil.
564 1037 594 1112 4,
610 1038 641 1112 8,
655 1040 692 1099 54
715 1037 960 1112 Philocomasium,
983 1038 1068 1103 solae.
1089 1037 1094 1121 Ι
1113 1072 1152 1084 -
1171 1041 1207 1102 114
1220 1051 1253 1102 tu
1266 1039 1354 1101 soloe

177 1159 219 1170 -
252 1124 398 1207 Materque
430 1135 457 1186 et
488 1141 579 1187 soror.
624 1124 763 1186 Eiusdem
790 1124 890 1187 Militis
921 1124 1040 1203 gloriosi
1070 1143 1187 1186 versum
1215 1125 1245 1196 4,
1269 1122 1297 1197 8,
1314 1124 1354 1185 27

179 1211 296 1273 4414444
319 1210 397 1279 4414,
420 1209 529 1291 quippe
552 1209 602 1290 qui
624 1210 781 1272 lacunosus
805 1211 852 1272 444.
899 1210 1018 1293 Optime
1040 1218 1165 1273 autema
1188 1209 1354 1273 camerario

178 1296 356 1359 emendatur
382 1294 467 1358 Most.
490 1293 520 1368 2,
545 1297 573 1365 1,
596 1294 653 1357 22:
683 1306 736 1359 tun
762 1293 880 1358 oidrbti?
905 1293 910 1379 Ι
935 1330 976 1342 -
1006 1297 1131 1378 11944441,
1158 1299 1283 1378 inquom.
1313 1330 1355 1339 -

181 1379 286 1445 Gertei'
312 1416 350 1426 -
368 1377 501 1465 (Certe)
526 1383 654 1462 inquom.
677 1415 720 1426 -
742 1380 850 1444 Occidi.

266 1551 323 1613 Sed
353 1551 402 1631 qui
432 1550 509 1613 banc
537 1552 756 1614 exeusationem
785 1568 846 1613 non
875 1549 987 1615 babent
1009 1551 1064 1614 loci
1087 1551 1116 1613 bi
1140 1562 1224 1615 stunt:
1248 1550 1354 1613 Pseud.

179 1639 208 1708 4,
233 1634 440 1711 1494441114
465 1636 544 1701 bodie
569 1636 680 1700 illusit
703 1640 811 1719 potitus
832 1636 964 1711 muliere3
994 1655 1053 1717 quo
1080 1637 1112 1699 in
1138 1656 1224 1699 versu
1253 1646 1303 1699 aut
1331 1638 1358 1698 si

179 1732 232 1784 aut
264 1723 344 1784 bodie
377 1723 506 1784 vocalem
541 1723 649 1787 retinet
682 1724 729 1799 (44.
767 1741 848 1803 supr.
872 1722 1036 1799 4142).
1080 1722 1275 1793 114444441444,
1309 1721 1354 1783 444

180 1818 340 1888 utrumque
364 1807 521 1889 displicuit,
545 1809 574 1871 iu
599 1808 755 1888 exemplari
779 1808 809 1869 in
826 1807 908 1869 bunc
927 1808 1049 1870 modum
1074 1808 1219 1889 expressit
1241 1809 1354 1869 locum:

180 1898 207 1955 ai
226 1893 276 1956 ille
297 1892 364 1956 illoc
385 1894 465 1956 bodie
486 1898 543 1956 sit.
562 1913 590 1966 ,ς
613 1893 644 1955 44
667 1893 756 1955 Novis
780 1893 951 1955 excursibus
967 1892 1009 1974 (p.
1026 1893 1066 1956 89
1078 1896 1136 1974 44.)
1155 1894 1252 1955 1444444
1267 1911 1354 1955 eausa

181 1979 349 2042 dlitteram
384 1979 521 2042 adverbio
554 1980 595 2042 illi
629 1979 795 2041 adscribere
826 1996 886 2041 nou
910 1978 1070 2050 4414414444,
1104 1979 1243 2059 qnoniam
1276 1978 1357 2040 bodie

182 2064 254 2125 nibil
277 2064 355 2126 aliud
380 2076 458 2127 esset
480 2064 537 2126 nisi
560 2066 610 2128 boe
633 2066 685 2128 444.
721 2065 800 2139 Quin
816 2083 883 2126 eum
908 2082 947 2125 ne
967 2064 1068 2127 bodied
1081 2064 1200 2144 quidem
1218 2064 1355 2127 omuibus

181 2150 252 2211 locis
276 2149 469 2226 satisfaceret,
493 2151 603 2214 bocedr'e
626 2162 715 2229 atque
737 2150 868 2213 boeedied
889 2166 997 2212 novara
1020 2168 1110 2212 ausus
1133 2157 1189 2212 est.
1224 2152 1261 2213 tt
1283 2150 1356 2211 baee

181 2235 398 2315 argumentatio
421 2254 474 2316 per
496 2255 528 2298 se
551 2237 614 2318 ipsa
637 2236 785 2299 refutatur
807 2255 841 2296 44
863 2236 993 2298 diluitur.
1039 2236 1118 2298 ldem
1142 2235 1221 2297 enim
1245 2236 1293 2296 4114
1312 2234 1356 2296 vir

181 2321 286 2383 444444
309 2320 341 2399 (l.
364 2319 383 2382 1.
400 2342 428 2401 p.
442 2320 483 2382 92
496 2322 562 2384 adn.
580 2332 609 2385 et
625 2341 653 2402 p.
670 2322 724 2402 94)
746 2321 866 2384 disertis
887 2320 984 2383 verbis
1007 2330 1093 2401 negat
1114 2340 1169 2403 pro
1192 2321 1273 2384 bodie
1288 2339 1354 2382 cum

180 2406 286 2469 Rotbio
308 2406 359 2468 boe
382 2406 426 2468 die
448 2407 518 2489 poni
542 2426 644 2487 posse,
672 2408 738 2487 quia
766 2407 860 2488 prima
890 2405 979 2468 buius
1006 2406 1165 2486 particulae
1195 2406 1277 2467 notio
1299 2405 1356 2467 41144

181 2491 366 2571 temporibus
390 2509 451 2553 non
475 2492 532 2553 iam
555 2502 708 2573 perspecta
733 2492 829 2554 luerit.
875 2491 959 2566 Quod
982 2510 1048 2553 cum
1073 2493 1111 2556 ita
1135 2492 1183 2563 444,
1207 2510 1266 2572 quo
1289 2501 1354 2553 tau·

183 2576 250 2637 dem
275 2577 363 2637 modo
386 2577 449 2638 lieri
471 2596 560 2658 posse
582 2579 745 2658 putandum
769 2587 824 2643 est.
849 2586 882 2639 ut
905 2576 953 2639 tali
970 2576 1107 2638 adverbio
1130 2586 1279 2657 tamquam
1304 2576 1356 2638 alt·

183 2662 271 2723 latire
293 2661 362 2722 41144
387 2662 404 2722 4
428 2663 613 2742 adiungatur,
636 2671 687 2724 441
709 2664 803 2724 lorma
819 2662 930 2724 desidie
945 2661 1048 2724 Plauto
1064 2658 1254 2725 vindicetur?
1280 2662 1358 2723 Haeo

183 2765 252 2808 vero
275 2747 413 2809 formatio
436 2749 478 2809 val
502 2748 568 2809 ideo
595 2748 724 2810 eicienda
749 2759 808 2821 444,
837 2747 916 2827 quod
946 2746 1089 2810 ablativus
1115 2748 1183 2810 boae
1210 2747 1239 2809 in
1265 2746 1356 2808 Plauti

183 2851 270 2893 usum
287 2831 410 2894 omnino
426 2850 486 2894 non
502 2833 597 2907 venit3
612 2853 638 2893 r.
654 2832 783 2896 Mueller.
801 2832 903 2913 Suppl.
920 2851 998 2912 pros.
1015 2852 1043 2912 p.
1064 2833 1122 2895 130
1136 2852 1198 2914 sq.;
1220 2833 1356 2896 Student.

184 2918 289 2980 44441.
316 2916 375 2978 143
399 2938 424 2980 4.
451 2917 531 2981 1876
554 2937 582 2998 p.
596 2917 646 2981 58.

268 3003 328 3064 lam
358 3003 389 3064 in
419 3014 524 3084 quarto
553 3003 659 3065 senarii
689 3004 762 3083 pede
784 3003 880 3066 littera
905 3024 921 3064 4
945 3002 975 3065 44
998 3003 1080 3065 biatu
1110 3013 1192 3067 extat
1215 3007 1240 3065 4.
1265 3003 1356 3065 Poen.

185 3089 212 3159 5,
237 3087 265 3157 3,
294 3088 347 3150 184
373 3085 894 3171 44444444444444441444Ι4444144
916 3091 991 3170 [uth
1021 3089 1167 3151 bcidalius
1190 3089 1358 3168 transponit

179 3174 267 3254 plone
288 3174 378 3236 nolis.
423 3175 518 3255 Atque
547 3175 596 3236 bic
625 3193 728 3236 vocum
759 3176 831 3237 ordo
863 3176 938 3238 inira
962 3176 990 3243 5,
1014 3175 1042 3243 4,
1069 3175 1126 3236 tot
1152 3175 1290 3239 traditur:
1318 3177 1360 3235 uti

179 3270 272 3339 poter,
297 3270 347 3320 tuo
366 3263 458 3340 pictos
482 3260 569 3342 plane
592 3260 672 3323 nobis
700 3261 810 3322 4444144
831 3262 906 3341 suit,
938 3278 1025 3341 quem
1054 3279 1172 3322 uersum
1204 3259 1357 3335 Ussiugius

183 3362 243 3406 nou
267 3354 346 3405 reete
369 3353 402 3406 44
425 3364 458 3406 er
482 3345 532 3406 illo
555 3346 707 3425 superiore
730 3346 868 3408 iteratum
893 3346 969 3408 delet
992 3344 1044 3424 (cl.
1067 3364 1147 3427 supr.
1170 3349 1217 3421 §t
1246 3346 1281 3406 ad
1297 3340 1356 3405 Mil.

184 3431 213 3501 4,
235 3429 264 3503 8,
280 3429 344 3501 33).
381 3430 558 3493 Ritscbelius
581 3431 645 3509 ipse
667 3450 785 3511 quoque
807 3431 854 3508 (N.
878 3433 984 3501 4441,
1008 3429 1063 3511 88)
1085 3442 1136 3494 444
1158 3429 1358 3509 4414414444

184 3526 234 3577 aut
253 3515 340 3595 plone
362 3516 443 3578 nobis
470 3527 597 3597 utroque
626 3517 690 3577 loco
719 3516 939 3579 restituendum
967 3524 1075 3577 censet.
1121 3517 1177 3577 Sed
1209 3533 1262 3576 eur
1285 3515 1356 3576 ordo

183 3600 340 3661 verborum
359 3600 569 3680 adaequandus
585 3602 632 3673 sit,
655 3618 715 3662 uon
731 3601 824 3663 video.
848 3636 885 3647 —
905 3602 998 3662 Porro
1016 3600 1060 3662 bis
1076 3601 1105 3662 in
1122 3600 1184 3662 solo
1200 3600 1356 3680 Rescripta

183 3685 297 3747 hiatur:
319 3685 405 3748 Most.
429 3686 458 3758 3,
485 3689 511 3757 1,
537 3685 613 3748 128:
641 3686 755 3749 nullum
784 3686 880 3768 edepol
906 3705 995 3767 qenes
1021 3696 1061 3748 est
1087 3686 1168 3748 bodie
1187 3684 1191 3768 Ι
1210 3686 1357 3748 beamont

184 3774 317 3845 restrium
348 3771 438 3833 Poen.
462 3771 492 3843 3,
515 3770 543 3844 3,
568 3772 623 3834 584
658 3789 713 3834 reo
734 3790 809 3841 mm,
838 3777 865 3835 si
892 3790 940 3853 eqo
967 3771 1052 3832 illum
1071 3768 1075 3853 Ι
1094 3772 1175 3834 lodie
1194 3770 1198 3852 Ι
1217 3771 1358 3834 bonoim

183 3857 337 3931 odleuer03
364 3856 392 3918 in
423 3857 520 3939 priore
542 3876 628 3918 versu
652 3857 829 3920 liitscbelius
860 3858 1047 3936 editoresque
1074 3856 1222 3920 Palatinos
1244 3857 1358 3919 codices

182 3942 327 4023 probant,
354 3942 404 4023 qui
432 3940 589 4004 exhibent:
618 3942 719 4023 edepol
744 3943 824 4005 bodie
848 3962 937 4024 penus
963 3951 1003 4003 est
1035 3942 1106 4004 born
1154 3942 1356 4005 Posteriorem

183 4026 260 4089 idem
285 4026 404 4089 criticus
427 4027 475 4107 (Ν.
491 4046 551 4090 444.
571 4030 598 4101 1,
614 4026 668 4108 95)
691 4039 845 4110 propterea
866 4046 899 4089 ex
922 4027 1118 4090 Ambrosiauo
1140 4027 1254 4098 adtulit,
1278 4027 1356 4107 quod

184 4113 220 4174 44
243 4116 337 4174 forma
359 4113 493 4175 locedied
520 4113 647 4193 cogitare
670 4113 759 4177 licuit.
804 4113 910 4177 Postea
940 4123 1040 4177 tamen
1069 4115 1106 4189 (v.
1130 4113 1229 4174 Goeta.
1245 4112 1357 4192 Loew.)

183 4198 303 4260 missam
332 4197 401 4260 44444
429 4199 504 4260 14444
531 4198 721 4278 opinionem3
749 4210 779 4260 et
806 4217 843 4259 na
871 4198 931 4259 veri
960 4198 1063 4259 similis
1092 4198 1212 4279 quidem
1240 4217 1272 4259 ea
1297 4207 1358 4271 est3

183 4283 276 4345 immo
300 4299 360 4344 non
384 4284 484 4344 minus
508 4301 595 4363 quarn
620 4284 650 4343 iu
667 4282 752 4346 Most.
777 4301 843 4344 cum
867 4283 989 4365 reliquis
1012 4282 1093 4345 libris
1117 4282 1306 4344 scribendum
1324 4327 1356 4342 ..

183 4368 264 4431 lodie
287 4368 326 4430 nd
347 4386 390 4430 nte
411 4368 552 4431 bominem
568 4414 574 4430 .
588 4413 615 4440 .,
638 4387 705 4430 eum
729 4369 904 4449 praesertim
930 4367 1032 4430 auus
1054 4379 1122 4449 post
1137 4368 1251 4429 fluutu
1273 4368 1357 4430 lacile

183 4453 375 4516 interciderit.
398 4492 439 4501 -
463 4454 541 4516 41444
565 4472 667 4516 versus
689 4470 750 4516 non
774 4455 988 4525 adscriberem‚
1016 4453 1073 4516 nisi
1095 4453 1272 4517 Ritscbelius
1294 4454 1355 4515 lor-

184 4558 263 4602 mam
287 4537 386 4601 dodied
408 4540 513 4601 ceteris
536 4548 729 4621 anteponeret
751 4539 799 4621 (N.
823 4559 883 4604 exc.
911 4538 1088 4620 1,111144.);
1115 4550 1189 4604 sunt
1216 4539 1302 4604 Most.
1327 4540 1357 4613 4,
