3160 5092
542 445 865 511 .-4q...

167 625 196 695 5,
211 623 242 695 2,
258 621 315 685 96:
338 623 406 705 quid
419 619 485 687 uis?
506 627 555 705 qui
564 628 658 705 putuit
671 625 744 706 fieta,
764 620 770 706 l
788 634 821 686 ut
838 621 1019 703 Gurtbupias'3
1040 622 1150 686 Pseud.
1169 626 1196 697 1,
1212 626 1242 698 b,
1261 622 1337 686 118:

167 712 273 772 obtuta
294 713 356 790 rapi
367 708 521 790 aperueris
536 706 542 795 l
560 714 758 785 mereamim
780 726 960 790 quamquam
982 709 1015 771 in
1036 709 1133 790 primo
1149 728 1246 783 versu,
1269 729 1338 773 cum

166 795 258 856 Vetus
280 800 330 866 mi,
353 794 528 857 liecurtotus
549 795 624 859 mibi
643 795 814 877 praebeant,
837 794 913 858 baud
936 813 1023 876 praru
1048 789 1142 876 (sari)
1159 795 1230 858 mab
1248 813 1338 875 repo-

165 880 257 941 nitur.
289 881 322 942 ln
338 880 429 942 altero
444 881 543 943 biatus
566 881 664 943 nullus
682 889 769 951 esset,
791 881 817 943 si
831 880 899 962 fiori
911 880 1018 961 pedem
1034 879 1175 942 creticum
1192 880 1338 943 alliceret:

167 964 200 1027 id
225 966 305 1045 quod
328 965 359 1027 iu
382 966 442 1028 line
456 984 596 1030 versuum
619 985 707 1047 saepe
729 964 843 1038 accidit,
866 966 898 1028 irr
921 965 1026 1028 modiis
1048 966 1146 1028 locum
1161 983 1221 1028 nou
1236 965 1339 1043 bubata

165 1051 205 1112 ci.
228 1069 310 1131 supr.
334 1070 358 1111 c.
383 1050 395 1112 1
417 1054 436 1126 b
457 1052 477 1112 4
500 1072 524 1115 c
548 1053 617 1115 adn.
661 1052 757 1127 Quam
788 1051 825 1113 ob
848 1068 976 1127 causam,
1010 1051 1065 1113 nisi
1098 1069 1165 1113 cum
1190 1051 1338 1132 Gepperto

164 1140 211 1197 sati
223 1136 388 1217 scripseris,
410 1137 524 1200 hiatum
541 1157 604 1200 non
620 1136 752 1199 evitabis.
783 1137 815 1198 ln
831 1137 920 1199 tertio
936 1155 1006 1199 veru
1021 1136 1199 1199 ilitscbelius
1214 1137 1337 1217 (Opusc

165 1220 192 1281 ll
214 1239 244 1301 p.
268 1219 331 1284 488
353 1220 414 1302 sq.)
437 1222 602 1303 Apartaeos·
621 1223 724 1285 Plauto
746 1222 919 1285 vindicabat.
963 1221 1001 1284 Et
1021 1222 1093 1284 baec
1114 1222 1209 1284 forma
1232 1240 1285 1303 per
1306 1242 1339 1285 se

165 1306 238 1385 fingi
266 1316 396 1388 poteram
430 1309 482 1370 sed
506 1328 573 1371 cum
596 1308 627 1370 iu
650 1307 845 1371 Mostellariae
868 1317 897 1370 et
919 1306 1180 1370 lleuuecbmorum
1203 1307 1337 1370 versibus

165 1392 333 1454 necessario
355 1391 519 1473 Aputbcrlss
538 1393 717 1476 requiratur,
751 1394 809 1456 boc
829 1410 890 1456 uno
912 1393 977 1456 loco
998 1393 1047 1456 illa
1073 1410 1196 1474 prorsus
1224 1393 1337 1474 impru-

165 1476 262 1539 bauda
285 1485 340 1540 est.
363 1511 406 1523 -
428 1478 513 1541 Dubii
540 1489 613 1542 sunt
634 1489 695 1542 tres
722 1479 793 1542 loci:
827 1478 914 1541 Mero.
930 1480 960 1551 4,
978 1480 1006 1553 1,
1023 1480 1078 1540 11:
1111 1478 1148 1541 aiu
1169 1496 1238 1541 scae
1264 1478 1339 1541 bunc

164 1567 278 1644 crepam
311 1564 395 1626 icari.
415 1561 421 1645 1
440 1565 491 1627 uba·
521 1562 827 1647 rulime—1303
860 1563 945 1644 Epid.
961 1564 991 1637 3,
1008 1565 1038 1634 4,
1055 1563 1113 1625 57:
1146 1582 1223 1644 supe,
1256 1582 1335 1645 supe,

164 1648 289 1728 Epidico,
311 1650 395 1729 fraqi
411 1647 534 1731 l-itu
554 1653 691 1731 preparasti
701 1650 839 1714 -bomu
860 1668 898 1723 es,
921 1646 1009 1720 Qus.
1035 1694 1042 1710 .
1066 1649 1149 1710 Tria.
1166 1649 1195 1723 2,
1211 1651 1241 1719 4,
1259 1651 1337 1712 155:

164 1752 209 1796 me
232 1734 286 1796 tibi
304 1736 409 1797 dimise
430 1735 490 1797 boc.
506 1769 548 1782 -
562 1735 646 1798 Drusi
663 1731 667 1819 Ι
686 1752 794 1798 urruns
815 1739 897 1809 suu's3
920 1734 1005 1797 illum
1022 1735 1194 1797 blsroatoris
1217 1753 1336 1798 versum

164 1820 332 1881 secundum
354 1820 469 1883 codices
491 1821 572 1883 solus
597 1821 750 1901 Ussiugius
772 1821 803 1882 in
826 1820 987 1900 exemplari
1010 1819 1119 1902 posuit,
1154 1819 1206 1898 qui
1235 1830 1336 1887 tamen

165 1904 215 1967 obi
233 1905 378 1985 producta
401 1905 510 1985 syllaba
533 1907 697 1986 posteriore
717 1906 775 1986 legi
796 1907 872 1979 vult3
905 1905 954 1967 alii
977 1905 1031 1967 viri
1053 1905 1133 1967 docti
1163 1924 1199 1966 eu
1221 1907 1265 1968 rel
1292 1925 1336 1969 sm

166 1991 211 2051 vel
235 1991 271 2052 do
298 1990 486 2064 addiderunt,
520 2010 558 2054 na
591 1992 678 2054 tacita
712 1991 890 2071 imperatum
923 1990 1032 2052 laceret
1064 2008 1157 2052 serva.
1202 1990 1334 2072 Reliquis

163 2074 235 2137 locis
258 2079 371 2138 lormae
388 2080 553 2158 pupuuoa'sts'
572 2078 674 2140 drumm
690 2077 849 2139 restituere
869 2075 1020 2137 leuissima
1044 2075 1170 2138 mutatio
1186 2083 1239 2147 est,
1263 2077 1331 2157 quia

163 2160 351 2224 librariorum
367 2179 469 2225 errore
482 2170 543 2224 tam
559 2164 660 2226 uisuri
673 2180 727 2242 pro
742 2163 875 2224 breviore
890 2179 961 2224 voce
976 2179 1065 2241 quam
1082 2161 1157 2224 dabo
1167 2179 1220 2241 pro
1236 2163 1337 2224 timisti

163 2245 253 2308 scribi
275 2247 383 2328 poturit.
426 2247 613 2328 Quamquam
646 2248 678 2309 iu
712 2248 890 2310 Trinummo
923 2246 1103 2309 Ritscbelius
1135 2247 1185 2309 ille
1215 2247 1335 2326 quidam

165 2330 342 2405 breviorem,
366 2351 442 2413 quae
463 2333 495 2395 in
516 2333 670 2414 Rescripta
692 2332 873 2407 exhibeatur,
907 2332 1039 2405 retinuit,
1072 2350 1139 2394 cum
1163 2333 1335 2413 praesertim

164 2416 252 2479 eliam
276 2417 308 2479 iu
332 2437 359 2479 v.
383 2418 413 2491 2,
435 2418 465 2491 4,
489 2418 550 2480 166
572 2428 602 2481 st
625 2419 657 2492 3,
680 2419 708 2488 2,
733 2417 774 2479 29
797 2419 921 2480 medem
945 2422 1071 2479 lormam
1104 2419 1186 2479 solus
1207 2418 1335 2480 Ambro-

163 2501 266 2564 sianus
300 2512 380 2565 recte
413 2504 580 2566 servaverit.
626 2504 660 2566 lu
685 2503 804 2584 Epidico
826 2522 896 2566 vero
925 2504 961 2565 do
991 2503 1137 2583 scriptura
1158 2502 1334 2582 ambigitur,

164 2605 233 2648 uam
255 2590 340 2669 fraqi
360 2592 465 2652 —itu
491 2593 628 2671 pupausti
647 2622 689 2635 -
710 2587 793 2652 bouso
821 2607 851 2652 ca
877 2589 1052 2669 ponendum
1075 2587 1230 2668 Ussiugius
1260 2607 1335 2651 oon·

161 2672 248 2745 iacit3
270 2674 301 2735 in
323 2674 406 2736 libris
429 2685 475 2736 sst
495 2677 580 2756 fraqi
599 2694 628 2738 es
646 2678 785 2756 pupucrts‘
796 2673 880 2736 bomo
900 2692 940 2749 os,
962 2674 995 2735 io
1009 2674 1112 2735 Vetere
1134 2673 1174 2735 ita
1197 2681 1231 2737 ut
1253 2675 1334 2754 prius

163 2775 193 2819 es
225 2778 261 2821 er
293 2769 319 2821 st
352 2768 519 2822 correctum
552 2760 600 2822 sit.
644 2761 747 2840 ltaque
769 2759 818 2821 alii
841 2760 997 2821 voluerunt
1017 2760 1101 2840 fraqi
1125 2777 1169 2832 es3
1199 2762 1337 2840 pupuurti

160 2843 287 2991 piupuig.
299 2843 462 2992 ἷ31ὂ1ο11ιιι
485 2846 517 2906 iu
540 2845 643 3007 ppiptq
666 2863 754 2992 qpam
778 2846 809 2991 ip
832 2853 936 2992 {mappa
955 2845 1031 2992 ἓξὲξ
1045 2845 1159 2992 Ἠ]
1175 2844 1334 3012 statuimup

189 2947 329 3002 em„
391 2948 583 3007 3r.ca.,
655 2948 933 3006 3urc.„:
1139 2947 1306 3004 rums,esrs,

160 3017 224 3090 ems}
257 3019 315 3086 sori,
339 3019 467 3096 mquam,
486 2949 603 3094 ipserum
635 3016 667 3078 iu
691 3034 750 3097 quc
773 3033 862 3077 versu
883 3020 1002 3097 imaum
1024 3032 1087 3078 uon
1110 3015 1265 3087 clidemus,
1294 3034 1334 3079 ne

160 3099 264 3162 eadem
288 3119 344 3163 vor
365 3105 416 3163 emi
434 3111 480 3163 ter
510 3101 648 3182 deinceps
677 3102 808 3164 eundem
843 3120 951 3164 sunum
986 3101 1101 3163 babeat.
1146 3101 1333 3164 Camerarius

159 3203 240 3258 vero,
274 3204 342 3248 cum
372 3187 404 3248 in
432 3205 553 3249 caesura
579 3205 699 3267 quoque
722 3206 824 3249 versus
848 3186 919 3260 hiet,
942 3194 1082 3266 quartum
1104 3188 1156 3248 sui
1175 3195 1244 3268 post
1265 3187 1334 3250 lasus

159 3269 319 3332 inserebat.
342 3304 384 3317 -
407 3270 572 3334 Omitteudi
594 3281 679 3334 erant
701 3272 733 3335 iu
756 3271 960 3334 enumerando
983 3271 1075 3335 Pecu.
1098 3271 1129 3344 5,
1146 3272 1175 3346 7,
1194 3271 1248 3333 13:
1273 3276 1333 3334 ium

156 3356 269 3435 pridem
290 3358 418 3437 equidem
438 3361 508 3420 istus
529 3360 601 3419 scios·
641 3375 699 3420 ems
721 3356 835 3429 liberos,
865 3358 915 3437 qui
939 3374 1042 3419 versus
1065 3356 1161 3418 Plauti
1184 3375 1245 3419 rmn
1268 3368 1333 3434 est3

160 3440 269 3503 Pseud.
295 3443 367 3519 l,5,
384 3442 418 3502 7:
451 3487 458 3504 .
489 3488 496 3504 .
524 3448 602 3506 musi
642 3453 668 3505 ct
700 3442 809 3505 sabobt
841 3442 920 3516 mibi,
955 3441 1004 3503 obi
1026 3442 1223 3504 Ambrosiauo
1257 3443 1331 3505 duce

158 3526 304 3589 saboiebot
326 3527 503 3589 Ritscbelius
524 3529 666 3608 reposuit,
689 3527 830 3608 idemque
854 3527 988 3589 emtione
1009 3528 1172 3607 flagitatur,
1204 3527 1285 3590 Trin.
1305 3529 1331 3600 1,

159 3611 189 3685 2,
204 3611 263 3675 66;
286 3611 355 3674 bueo
377 3621 462 3694 quom
483 3614 569 3676 auum
590 3618 622 3676 ia
644 3624 669 3679 te
689 3613 755 3685 dici,
779 3614 952 3696 laceramur
965 3616 1067 3686 miss,
1089 3630 1157 3675 cum
1181 3613 1248 3676 libri
1264 3613 1333 3677 dtas

159 3698 330 3778 praebeant,
359 3698 508 3761 Vahlenus
539 3699 656 3778 (Herm.
681 3698 721 3759 12
744 3717 771 3779 p.
798 3698 871 3777 195)
897 3698 1032 3779 proxime
1064 3700 1100 3761 ad
1136 3717 1240 3760 eorum
1268 3719 1332 3762 me·

159 3783 285 3845 morium
308 3783 440 3855 accessit,
463 3802 531 3845 cum
553 3784 744 3846 scribendum
761 3802 827 3846 esse
842 3786 990 3847 coniceret
1006 3783 1069 3856 uss,
1092 3788 1127 3846 is.
1158 3785 1211 3848 Vir
1226 3784 1350 3864 diguus¹

158 3869 209 3948 qui
238 3879 425 3932 memoretur
450 3879 496 3931 est
523 3870 647 3932 Poenuli
672 3888 699 3931 v.
724 3871 753 3942 5,
774 3868 804 3942 2,
826 3869 896 3938 124,
929 3869 960 3930 in
994 3887 1053 3949 quo
1080 3869 1198 3934 codices
1227 3871 1332 3933 vitiose

158 3953 270 4016 babent
292 3958 345 4017 etri
361 3952 365 4034 Ι
383 3954 428 4016 lu'o
449 3953 536 4028 iubat,
559 3954 679 4035 Pylades
701 3954 832 4017 restituit
852 3954 996 4017 bubitcbs't.

242 4039 439 4118 Adiungimus
462 4060 494 4102 ea
517 4041 659 4120 exempla,
681 4060 757 4121 quae
770 4040 803 4102 in
818 4040 923 4120 quinto
938 4039 1035 4102 iambo
1050 4040 1249 4121 repperimus.
1278 4040 1332 4103 His

157 4133 256 4188 autsm
279 4124 408 4188 hiatibus
424 4124 613 4206 Spengelium
629 4127 757 4206 quodam
777 4127 866 4187 modo
881 4125 1059 4205 patrocinari
1081 4144 1170 4207 supra
1193 4124 1331 4198 diximus,

157 4228 225 4272 cum
249 4209 287 4272 ‹le
309 4230 328 4272 o
350 4211 441 4273 vocab
467 4211 555 4273 rerba
578 4214 754 4274 laceremus.
802 4211 828 4272 1.
850 4211 957 4291 Amph.
979 4209 1124 4285 3,1,12;
1146 4212 1221 4274 siid
1243 4211 1331 4273 Alcat-

155 4293 1218 4463 ltut'tttffiltttbtttttmtt,illustrat
1231 4295 1329 4444 litt

157 4484 218 4527 nou
240 4465 358 4545 legitur.
402 4466 443 4529 lle
466 4467 600 4546 genetivo
628 4467 812 4539 Alcmenes,
840 4486 931 4547 quem
959 4466 1136 4530 llitscbelios
1157 4466 1268 4548 Opusc.
1290 4466 1329 4529 lll

159 4551 219 4614 133
242 4562 393 4632 praeterea
420 4552 600 4627 vindicabat,
623 4552 700 4617 inira
727 4554 881 4617 disseram.
925 4550 955 4613 2.
979 4552 1059 4632 Capt
1076 4552 1106 4625 3,
1123 4554 1153 4627 5,
1168 4552 1229 4615 24:
1260 4553 1329 4616 dum
