3160 5092
331 1406 402 1507 Do
438 1404 576 1506 hiatu
613 1403 845 1506 Plautino
883 1403 1211 1534 quaestiones

294 1767 346 1861 Τ.
370 1796 460 1859 Masei
484 1796 577 1860 Plauti
600 1797 717 1860 oodioes
740 1815 807 1859 oum
831 1795 903 1858 satis
926 1795 1037 1858 4441144
1061 1813 1162 1859 444444
1185 1796 1358 1877 praebeant,

186 1885 218 1947 in
236 1883 342 1964 quibos
357 1884 418 1944 hiet
434 1884 538 1955 oratio,
555 1883 654 1945 existit
669 1883 802 1963 quaestio
819 1880 1014 1952 subdifficilis,
1030 1881 1130 1944 sintne
1146 1881 1245 1944 traditi
1261 1882 1359 1944 hiatus

187 1971 218 2031 in
242 1977 347 2050 poetae
376 1968 482 2030 fabulis
509 1969 697 2049 relinquendi
729 1985 832 2030 neone.
877 1967 973 2047 Atque
996 1967 1067 2029 haee
1093 1968 1227 2048 quaestio
1250 1984 1359 2048 perse

190 2054 343 2116 diiudicari
368 2071 428 2114 non
452 2063 559 2134 potest,
583 2055 634 2115 sed
659 2054 734 2116 ratio
756 2052 889 2115 habenda
912 2061 957 2114 est
979 2058 1008 2113 et
1030 2054 1133 2134 populi
1155 2062 1184 2114 et
1206 2052 1309 2115 aetatis
1330 2061 1361 2114 et

187 2160 221 2201 ex
250 2147 333 2220 perte
360 2138 454 2219 ipsius
487 2146 599 2219 poetae.
646 2139 686 2201 De
715 2139 812 2200 Plauti
847 2138 1062 2200 consuetudine
1096 2138 1209 2201 4411444
1245 2145 1359 2201 eertum

188 2224 395 2287 testimonium
420 2240 476 2285 nos
500 2224 614 2287 edocet.
660 2227 747 2287 Extat
769 2241 839 2286 sane
862 2223 909 2285 iile
933 2222 970 2284 Μ.
994 2223 1069 2285 Tulli
1093 2222 1244 2286 Ciceronis
1267 2225 1359 2296 locos,

187 2311 291 2392 quiin
315 2309 390 2371 libro
415 2306 548 2371 Oratoris
572 2308 756 2389 4414944.
780 2310 816 2371 de
839 2317 990 2371 oratorum
1016 2327 1098 2371 more
1121 2308 1262 2390 toquendi
1287 2308 1359 2370 haee

187 2395 292 2458 tradit:
316 2394 535 2458 eoiioaoduruur
557 2439 564 2456 .
583 2440 590 2455 .
612 2396 709 2468 aeria,
727 2440 758 2457 ..
781 2404 814 2456 ot
840 2398 914 2456 iuter
935 2412 963 2455 se
986 2413 1071 2475 quam
1095 2397 1238 2476 aptissime
1260 2394 1359 2457 44444·

185 2491 270 2543 44444
292 2491 421 2542 44144444
443 2499 508 2542 aura
527 2484 677 2560 proximis,
700 2496 788 2562 eoque
802 2484 859 2543 siat
881 2497 966 2561 quam
987 2483 1163 2542 suavissimis
1183 2479 1306 2542 souitu.
1325 2523 1359 2539 ..
1446 2540 1448 2545 .

188 2567 276 2642 (150)
303 2573 426 2627 444441
455 2571 486 2627 ire
516 2565 767 2645 1494444444144,
797 2569 836 2627 sia
866 2568 981 2627 animus
1007 2569 1038 2627 iu
1069 2565 1184 2627 diceudo
1209 2567 1361 2646 prospiciet

187 2651 254 2733 quid
279 2661 429 2732 sequatur,
462 2669 497 2712 44
523 2658 719 2713 4414444444
746 2651 899 2713 aeriorum
928 2669 994 2712 4444
1021 2651 1229 2732 insequentibus
1259 2654 1361 2730 primis

189 2754 344 2799 eoueursus
367 2745 417 2797 aut
439 2736 547 2798 1441444
567 2754 647 2798 voees
661 2736 770 2817 efficiat
786 2746 836 2798 aut
855 2752 996 2816 asperos·
1011 2740 1140 2817 quamvis
1161 2739 1236 2797 euim
1258 2754 1361 2798 444444

187 2840 342 2903 pravosque
363 2824 657 2891 4444444·44,’144444
684 2825 710 2882 si
729 2822 878 2884 4444441444
903 2821 996 2882 uerbis
1017 2822 1187 2903 efferentur,
1219 2820 1361 2903 offenderet

188 2926 281 2980 aures,
304 2924 427 2987 quorum
449 2916 489 2968 est
503 2907 640 2969 iudiu’um
655 2908 894 2989 superbissimum.
925 2906 1000 2988 quod
1015 2908 1128 2987 quidem
1142 2905 1246 2969 Latiae
1262 2907 1361 2987 iiaqua

186 2993 388 3063 sireburra,
411 3009 492 3054 44444
515 3002 628 3054 uttam
649 2996 847 3065 4441444414,
876 2994 927 3071 qui
945 2992 1057 3054 vocales
1082 2993 1155 3055 uelit
1181 2995 1360 3072 aoaiuuqere.

190 3078 284 3140 Porro
308 3088 464 3158 postquam
489 3078 526 3139 de
549 3076 730 3140 Graecorum
752 3095 805 3140 osu
830 3095 921 3157 pauca
944 3077 1067 3150 adtulit,
1090 3077 1274 3158 paragrapho
1300 3076 1359 3137 152

187 3164 299 3244 pergit:
327 3163 376 3225 sed
401 3161 504 3225 Graeci
522 3160 661 3236 videriut;
687 3163 767 3226 uadis
793 3181 828 3224 44
851 3166 878 3225 si
897 3166 1044 3242 4444144444
1070 3162 1181 3243 quidem
1203 3161 1361 3224 distrahere

187 3266 268 3310 44444
295 3247 462 3310 conceditur.
508 3248 637 3311 iudicaret
668 3252 810 3312 orationes
838 3247 906 3310 ittae
935 3251 1014 3327 ipsae
1036 3247 1203 3311 horridulae
1228 3246 1359 3320 Catouu;

187 3334 318 3396 iudicaret
341 3351 437 3396 amares
455 3344 556 3413 poetae
576 3345 691 3414 praeter
712 3352 767 3405 eae,
790 3336 841 3413 qui
860 3344 893 3394 ut
906 3350 1020 3395 4444444
1035 3335 1174 3414 facerent,
1197 3350 1280 3413 saepe
1295 3332 1359 3394 414-

189 3419 274 3492 baaru·
295 3428 328 3480 ut
351 3417 489 3480 Naeuius:
514 3427 572 3482 ‘aas
594 3418 665 3502 quii
686 3419 809 3481 oeoolitis
830 3417 958 3479 Histrum
979 3418 1102 3496 11444444
1125 3429 1207 3498 utque
1223 3416 1360 3498 olqidam'

187 3515 214 3567 et
235 3505 354 3566 ididem:
378 3508 473 3584 ‘quoru
500 3521 657 3584 numquam
683 3505 759 3566 veiis
782 3503 867 3565 Graii
884 3500 888 3585 1
908 3514 991 3583 atque
1017 3503 1153 3566 duriori.
1197 3513 1228 3564 at
1249 3503 1361 3564 Bauius

188 3589 291 3651 semei:
313 3586 418 3668 ‘Scipio
438 3585 441 3667 i
460 3590 581 3651 iuoiete'.
626 3600 651 3650 et
673 3590 785 3669 quidem
806 3605 872 3649 uos:
902 3588 961 3649 ‘irae
987 3599 1066 3650 motu
1092 3588 1234 3652 redieritis
1259 3592 1360 3651 etesiae

189 3672 243 3755 ieie
265 3673 340 3736 vado
358 3673 459 3754 pauti'.
495 3666 649 3737 ’44414444
671 3678 763 3736 nostri
781 3677 893 3753 saepiu
914 3690 972 3735 444
994 3673 1132 3744 tulissent,
1160 3673 1236 3754 quod
1258 3671 1363 3735 Graeci

188 3761 310 3823 laudare
332 3763 419 3821 etiam
440 3760 539 3822 soleat.
563 3794 603 3804 -
627 3759 684 3821 Sed
701 3758 773 3839 quid
797 3760 870 3820 haec
886 3758 1034 3822 Ciceronis
1058 3758 1144 3821 verba
1167 3759 1203 3820 ad
1219 3758 1357 3821 Plautum

190 3845 314 3925 eiusque
336 3841 487 3906 aetatem?
849 3866 851 3871 ’

273 3930 407 3992 Primum
431 3929 548 4009 quidem
578 3948 613 3991 ex
640 3929 766 3991 oratoris
797 3945 922 4009 persona
950 3929 1065 3991 ioootus
1089 3929 1201 3991 hiatum
1226 3928 1357 3999 damnat,

189 4018 219 4079 id
243 4015 320 4095 quod
344 4035 379 4077 ex
402 4023 543 4078 contexto
570 4014 726 4076 4441444444
751 4014 915 4076 loculenter
944 4021 1074 4096 apparet.
1119 4012 1157 4075 Et
1180 4012 1290 4075 oratori
1313 4012 1358 4075 ia·

188 4102 331 4165 oiliiotum
354 4109 398 4163 est
420 4100 470 4163 tali
494 4101 583 4162 modo
606 4117 691 4161 44444
721 4100 880 4171 collocare,
908 4116 945 4160 ne
974 4099 1033 4160 ulio
1062 4100 1127 4162 ioco
1155 4098 1358 4161 1414144441ῐί-

189 4188 283 4250 uiant:
307 4187 384 4248 haud
408 4204 500 4266 eoque
522 4194 625 4266 poetae
649 4184 760 4247 licitum
785 4193 839 4257 est,
862 4183 970 4265 quippe
991 4185 1040 4264 qui
1057 4184 1190 4246 nuuaeris
1214 4199 1357 4246 4444444

189 4272 400 4352 adstringatur.
446 4270 505 4333 1444
535 4289 601 4333 4444
624 4271 719 4332 Plauti
746 4270 886 4333 iodicium
914 4270 1146 4349 superbissimum
1176 4268 1269 4331 141444
1291 4269 1358 4349 4414

189 4353 391 4420 existimabit?

274 4443 386 4504 [teinds
414 4441 449 4503 de
477 4458 528 4502 sua
563 4447 658 4502 aetate
686 4439 801 4502 Tollius
829 4439 972 4519 loquitur.
1016 4437 1117 4519 Neque
1151 4457 1218 4502 vero
1252 4456 1357 4501 omnes

189 4535 300 4591 aetates
323 4528 385 4609 pari
407 4526 496 4588 orode
518 4524 853 4589 444444444444411444
877 4526 1120 4605 perhorruerunt.
1164 4525 1238 4587 Naro
1255 4542 1357 4587 versus

1183 4626 1197 4679 l
