3160 5092
730 427 954 492 -34-

261 606 379 669 molossi
401 615 566 686 ponantur,
599 604 651 667 sed
687 605 853 666 ultimam
887 602 1157 666 vocabulorum
1186 603 1321 666 dheoet
1346 620 1437 665 cursu

260 691 426 754 vocalem
457 700 541 753 ante
575 690 875 770 subsequentem
908 690 1071 751 vocalem
1101 698 1318 768 correptam
1341 706 1435 750 esse.

260 777 470 856 Eodemque
495 776 599 837 modo
621 776 829 837 noneolum
853 793 891 836 ea
906 775 1070 856 exempla
1093 793 1184 855 quae
1206 773 1436 854 Spengelius

259 862 474 924 intermissa
511 861 677 923 oratione
705 860 800 921 tueri
836 860 976 931 voluit,
1010 878 1133 921 rernm
1167 860 1279 921 etiam
1313 859 1436 921 omnia

260 966 356 1028 quae
391 964 502 1026 supra
534 946 705 1026 congessi
738 945 992 1026 pollysyllaba
1028 947 1195 1007 vocalem
1228 955 1435 1007 extremam

260 1051 339 1095 cum
370 1031 476 1093 hiatu
506 1041 721 1111 correptam
744 1030 897 1093 bahent.

346 1117 428 1179 llaud
451 1116 555 1195 ignoro
577 1115 767 1196 Spengelium
783 1116 855 1177 alios
876 1114 994 1177 disertis
1016 1114 1113 1176 verbis
1128 1115 1281 1194 negavisse
1296 1114 1436 1177 Plautum

260 1203 292 1263 in
304 1203 381 1264 thesi
397 1202 550 1264 admisisse
564 1202 776 1280 correptiones,
791 1200 849 1262 nisi
865 1200 901 1261 ad
918 1199 1132 1279 monosyllabas
1147 1218 1234 1261 voces
1249 1201 1437 1280 pertinerent

261 1293 302 1359 (v.
325 1305 414 1366 supra
437 1307 499 1366 cap.
516 1287 563 1359 ll).
608 1286 666 1348 Sed
688 1287 759 1348 baec
782 1286 868 1346 velim
891 1287 1098 1347 attendantur:
1126 1284 1305 1347 llitschelius
1327 1303 1434 1347 omnes

259 1373 321 1433 lere
343 1373 408 1434 eius
431 1371 511 1433 modi
533 1373 735 1450 correptiones
757 1371 916 1441 damnavit,
940 1389 990 1432 eas
1004 1370 1214 1432 tantummodo
1230 1372 1345 1450 excepit
1359 1389 1435 1451 quae

259 1457 291 1518 in
313 1458 412 1537 priore
433 1457 584 1535 anapaesti
606 1457 690 1535 pedis
712 1455 790 1517 thesi
811 1456 935 1525 lierent3
956 1454 1164 1517 Fleckeiseuus
1188 1456 1365 1536 Spengelius
1388 1455 1436 1516 alii

259 1542 376 1604 traditis
403 1543 544 1623 exemplis
577 1542 669 1603 coacti
702 1540 730 1602 id
758 1550 984 1610 concesserunt,
1019 1540 1219 1621 monosyllaba
1249 1541 1281 1602 in
1303 1541 1434 1603 cuiusvis

260 1629 348 1688 metri
363 1627 498 1689 thesibus
513 1626 622 1706 corripi
638 1626 785 1706 potuisse:
807 1626 878 1705 quid
894 1627 931 1686 de
946 1626 1140 1706 polysyllabis,
1156 1643 1286 1706 quorum
1302 1626 1434 1704 exempla

261 1713 350 1774 etiam
374 1713 457 1791 plura
479 1709 640 1790 leguntur?
673 1712 776 1791 quidni
799 1712 905 1773 eadem
928 1711 1115 1773 excusatione
1147 1708 1289 1773 utamur?
1313 1746 1353 1756 -
1376 1710 1434 1773 Sed

260 1798 324 1859 vide
347 1798 496 1877 Spengelii
517 1798 663 1859 rationem
686 1815 829 1877 quarem
851 1797 997 1858 tractavit.
1043 1797 1071 1857 ls
1099 1796 1189 1873 igitur
1211 1797 1255 1858 vir
1276 1797 1382 1858 doctus
1405 1797 1435 1858 iu

262 1883 468 1945 enumerando
496 1900 672 1943 concursum
700 1882 844 1943 vocalium
871 1881 1005 1943 accidere
1031 1882 1163 1962 potuisse
1191 1901 1253 1944 non
1283 1891 1382 1961 negat,
1404 1881 1436 1942 id

260 1969 338 2047 quod
361 1968 449 2047 paulo
471 1987 560 2046 supra
582 1967 887 2028 commemoravimus.
934 1966 1046 2027 Deinde
1068 1967 1189 2028 uomina
1204 1967 1332 2047 propria,
1354 1967 1437 2028 verbi

261 2071 348 2114 causa
371 2051 483 2116 Dinone
501 2062 506 2133 Ι
526 2052 679 2133 presioe,
712 2052 823 2113 hiatum
848 2052 930 2113 lacile
958 2052 1090 2131 recipere
1116 2052 1236 2114 disserit
1257 2072 1285 2132 p.
1302 2052 1365 2113 2¹4
1380 2071 1436 2132 sq,

260 2138 352 2217 idque
378 2139 418 2200 ita
449 2136 582 2207 disserit,
617 2147 650 2200 ut
675 2137 810 2199 ultimam
841 2137 945 2198 horum
969 2138 1126 2199 nominum
1155 2137 1285 2199 vocalem
1308 2137 1436 2199 dilucide

259 2231 410 2302 tamquam
439 2232 606 2302 correptam
634 2222 788 2302 significet.
833 2221 927 2283 Porro
955 2243 984 2303 p.
1007 2221 1070 2283 232
1085 2242 1146 2303 sq,
1181 2222 1232 2284 ubi
1259 2221 1436 2303 polysyllaba

261 2318 395 2388 correpta
425 2308 594 2388 impugnat,
625 2327 677 2368 eos
699 2306 796 2368 hiatus
818 2307 961 2386 seiungit,
990 2307 1041 2387 qui
1072 2318 1139 2386 post
1161 2308 1294 2388 quintam
1318 2307 1437 2369 iambici

261 2393 371 2456 senarii
393 2393 500 2454 thesim
525 2393 553 2454 h.
577 2412 602 2453 e.
625 2402 693 2454 ante
719 2402 886 2453 extremum
914 2392 1055 2453 creticum
1079 2392 1230 2461 incidunt,
1258 2403 1346 2472 atque
1372 2393 1436 2455 aliis

260 2479 351 2541 libelli
374 2479 447 2540 locis
471 2480 509 2552 (v.
533 2498 561 2558 p.
585 2478 643 2538 221
669 2486 700 2539 et
721 2474 795 2553 238)
820 2476 908 2538 huius
930 2477 1028 2539 hiatus
1050 2486 1084 2539 ut
1105 2477 1228 2556 legitimi
1251 2478 1435 2539 mentionem

262 2565 346 2626 lacit:
373 2582 430 2627 nec
455 2571 557 2625 tamen
579 2563 798 2642 correptionem
828 2572 964 2639 excusat,
998 2563 1049 2624 sed
1079 2581 1195 2625 moram
1224 2581 1301 2643 quae
1328 2564 1360 2625 in
1383 2563 1439 2624 hac

260 2669 363 2711 versus
390 2649 462 2711 sede
489 2647 660 2711 intercedat.
703 2647 766 2709 lloc
787 2656 886 2709 eutem
916 2665 976 2709 non
1003 2657 1101 2728 potest
1129 2666 1191 2710 non
1213 2646 1436 2728 reprehendi1).
1506 2660 1511 2667 “

261 2735 335 2796 Nam
359 2735 489 2815 primum
514 2734 622 2795 mirum
656 2742 702 2794 est
727 2742 844 2794 sextum
867 2733 1027 2812 septenarii
1052 2732 1193 2795 trochaici
1215 2733 1338 2813 pedem,
1372 2742 1439 2813 post

261 2839 350 2900 quem
378 2837 440 2881 non
473 2819 568 2881 rarius
594 2819 691 2880 hiatus
718 2818 875 2887 invenitur,
901 2818 1089 2898 Spengelium
1117 2818 1296 2897 neglexisse,
1330 2818 1437 2880 deinde

263 2917 327 2968 tum
350 2906 471 2966 demum
495 2904 616 2966 concedi
633 2921 721 2981 posse
736 2901 898 2975 crederem,
921 2903 946 2964 si
963 2904 1095 2984 exempla
1111 2903 1177 2965 eius
1192 2903 1309 2984 generis
1326 2913 1437 2976 essent,

263 3001 296 3053 ut
319 3009 377 3052 una
405 2999 435 3051 et
463 2991 564 3052 eadem
596 3007 651 3049 vox
678 2987 820 3049 creticum
849 2989 981 3069 expleret
1003 3023 1043 3033 -
1066 2988 1094 3050 id
1123 2989 1202 3068 quod
1231 2988 1271 3050 ita
1294 3005 1355 3050 non
1379 2998 1438 3064 est,

262 3076 393 3157 denique
415 3075 471 3137 hoc
492 3074 648 3154 praecipue
671 3073 780 3143 obstat,
811 3074 889 3152 quod
905 3073 937 3135 in
960 3073 1025 3135 aliis
1047 3092 1187 3135 versuum
1208 3072 1329 3135 sedibus
1351 3092 1438 3153 pror·

262 3181 313 3222 sus
335 3160 462 3222 eundem
490 3169 558 3239 post
584 3160 685 3237 longas
715 3159 827 3220 vocales
856 3159 969 3222 hiatum
998 3159 1152 3221 habemus.
1196 3159 1278 3232 Quae
1305 3178 1375 3220 cum
1396 3160 1437 3222 ita

262 3248 332 3318 sint,
355 3247 403 3308 illa
426 3245 528 3326 opinio
552 3264 616 3308 mea
637 3243 840 3313 confirmatur,
863 3263 920 3323 qua
936 3243 1084 3305 contendo
1100 3244 1130 3305 in
1147 3244 1288 3306 omnihus
1304 3244 1438 3307 thesibus

263 3335 366 3411 longas
388 3332 514 3400 vocales,
536 3331 596 3392 sive
620 3326 852 3407 monosyllabum
877 3330 938 3390 sive
966 3329 1172 3410 polysyllabam
1195 3348 1298 3392 vocem
1322 3330 1438 3402 liniunt,

263 3428 332 3479 ante
354 3418 565 3496 insequentem
590 3415 718 3477 vocalem
742 3433 758 3475 a
781 3413 886 3474 Plauto
909 3425 1057 3494 correptas
1080 3434 1155 3477 esse.

351 3502 386 3562 Et
407 3521 482 3581 quae
505 3519 592 3562 causa
615 3508 714 3580 potest
743 3499 863 3570 adferri,
894 3499 933 3560 ob
958 3518 1047 3579 quam
1078 3511 1219 3579 putemus
1242 3499 1382 3564 Plautum
1404 3499 1439 3564 ab

263 3606 296 3648 ea
318 3588 503 3668 correptione
518 3585 720 3657 abhorruisse,
743 3602 831 3665 quaro
855 3583 980 3646 Naevius
995 3584 1109 3647 Ennius
1131 3586 1326 3658 admiserunt,
1349 3604 1438 3666 quam

263 3672 441 3750 posteriores
450 3680 554 3752 poetae
563 3670 818 3750 dactyliciomnes,
830 3669 1134 3748 quamipselloratius
1143 3667 1438 3751 noncoutempsitl¹l

350 3756 403 3817 llic
434 3768 555 3836 quaerat
588 3756 750 3836 quispiam:
784 3751 883 3827 Quint
914 3753 1018 3816 breves
1048 3757 1159 3818 vocales
1189 3773 1291 3817 nonne
1331 3756 1437 3818 eodem

264 3842 354 3904 modo
377 3861 436 3921 quo
458 3842 563 3920 longae
592 3860 659 3902 cum
690 3840 772 3901 hiatu
798 3840 830 3900 in
859 3839 935 3901 thesi
964 3840 1077 3920 positae
1098 3849 1184 3911 sunt,
1210 3842 1250 3903 ita
1273 3849 1307 3903 ut
1329 3850 1382 3903 tua
1404 3842 1440 3902 de

267 3928 455 4007 correptione
477 3928 644 3988 coniectura
667 3933 745 3986 stare
768 3942 829 3985 non
850 3921 966 4003 possiti
1001 3925 1106 3989 Fateor
1128 3926 1279 3988 interdum
1302 3926 1334 3987 in
1358 3925 1438 3987 libris

265 4015 379 4094 seriptis
402 4012 429 4074 id
454 4021 606 4093 peccatum
624 4029 696 4083 esse,
719 4009 798 4090 quod
816 4018 884 4089 post
898 4008 1019 4071 brevem
1036 4011 1175 4090 syllabam
1196 4010 1293 4072 hiatus
1317 4011 1439 4073 exhibe-

264 4107 327 4173 tur3
350 4117 452 4159 verum
477 4105 708 4159 lamentantem
724 4096 818 4167 abest,
842 4104 874 4155 ut
896 4094 967 4157 haec
986 4104 1047 4157 tam
1062 4115 1154 4177 pauca
1169 4096 1302 4176 exempla
1318 4108 1439 4159 nostrae

266 4183 398 4263 opinioni
424 4192 604 4263 repugnent:
639 4180 728 4243 etiam
764 4180 890 4242 maxime
924 4180 952 4241 ei
983 4182 1128 4262 praesidio
1162 4189 1242 4244 sunt.
1288 4181 1349 4243 Sed
1379 4201 1439 4263 quo

301 4406 357 4522 ul)
375 4406 411 4454 lle
430 4419 535 4455 caesura
555 4408 760 4458 semioovenaria
779 4406 888 4469 cogitari
902 4406 972 4455 nullo
991 4411 1065 4470 pacto
1077 4418 1154 4468 posse
1171 4418 1239 4468 supr.
1258 4418 1279 4452 c.
1294 4401 1313 4453 ll
1332 4401 1349 4467 ᾗ
1365 4405 1374 4454 1
1396 4403 1439 4452 ad·

267 4488 298 4521 nb
330 4489 416 4522 vlmus.

334 4541 355 4603 2)
374 4556 397 4589 v.
418 4540 492 4590 huius
511 4541 604 4606 disput.
624 4555 735 4607 prooem.
